1878 3036
128 117 196 144 tt79

584 120 612 146 S.
634 119 810 154 GREGORH,
833 121 874 147 DE
893 121 1054 149 OCCUllSU
1077 122 1204 156 boum,
1227 123 1298 151 ETC.

1691 126 1759 153 1180

126 176 171 202 illa
192 180 218 201 et
236 176 408 210 prophetissa
425 177 458 204 de
475 177 590 205 Domino
617 180 696 206 verba
727 180 800 213 fecit,
823 186 916 215 utpute
932 184 954 211 Α
970 181 1069 215 ἔχουσα
1097 183 1252 217 πρόςωπον,
1271 184 1338 218 ὀπερ
1354 184 1506 210 παλαιωθέν
1524 194 1552 211 τε
1567 186 1614 212 καὶ
1632 186 1757 221 γηρᾶσαν

126 221 194 254 legis
209 221 352 249 sustinens
368 230 526 256 personam,
543 231 604 257 quae
617 225 768 252 inveterata
787 234 918 260 senioque

126 267 266 298 confecta,
299 275 330 294 ac
357 276 442 302 prope
464 269 498 295 ad
530 269 670 297 interitum
702 272 812 299 redacta
844 272 918 298 Novo

127 312 306 340 'l'estamento
322 314 427 340 cessit:
447 321 637 343 verumtamen
669 325 723 344 non
742 318 845 345 inutilis
876 319 918 344 in-

129 359 319 394 telligentibus
340 360 513 389 auditoribus
538 363 598 397 ejus
629 365 825 391 sermocinatio
855 362 916 396 snit,

125 405 356 438 queamdmodum
371 414 422 434 uec
438 415 481 439 ea,
499 416 560 442 quae
577 416 591 435 a
607 409 678 445 Lege
694 418 740 445 per
762 411 872 438 tunbras
892 417 918 438 et

125 451 272 485 aenigmata
302 452 506 488 verborumque
536 455 680 483 involucra
714 457 806 489 fiebat,
826 458 917 492 magni

127 499 252 531 mysterii
267 500 501 535 prtesignificatio.
520 501 618 530 Venite
630 503 721 539 igitur.
739 512 788 531 vos
809 512 918 539 quoque

127 548 219 576 patres
237 549 263 571 et
279 545 379 573 iratres
391 547 561 581 spirituales,
580 549 627 584 qui
654 549 713 576 dies
740 549 824 577 festos
845 551 917 578 celc-

126 590 206 618 brar'e
220 595 246 618 ct
264 592 369 626 cpulari
388 593 525 622 didicistis
549 595 576 622 in
611 596 731 623 novitate
748 596 862 631 spiritus
892 601 918 624 et

126 644 181 663 non
197 645 245 671 per
261 638 358 666 litterae
385 645 560 674 vetustatem,
585 641 632 676 qui
657 643 684 668 in
705 643 808 677 azymis
827 644 918 671 since-

125 682 216 709 ritatis
233 689 260 711 et
274 686 398 713 veritatis
429 687 582 722 pretiosum
599 692 625 715 et
651 688 790 715 vivificum
810 688 916 716 Pascha

125 730 244 757 rictimae
258 732 360 759 Christi
381 734 522 762 celebrare
540 735 666 762 debetis:
689 735 737 770 qui
763 735 855 762 divina
874 744 917 763 re-

125 778 302 809 generatione
329 780 400 806 sacri
425 779 602 814 baptismatis
622 786 741 808 veterem
766 782 916 814 hominem,

126 824 173 856 qui
192 824 271 858 juxta
292 826 537 860 concupiscentias
556 827 744 856 fraudulentas
758 836 917 864 corrumpe-

127 869 218 901 batur,
239 870 419 905 deposuistis,
445 876 471 900 et
498 881 611 906 novum,
629 874 676 909 qui
706 880 855 902 renovatur
884 876 918 903 ad

127 915 294 948 agnitionem
325 917 405 951 juxta
438 918 586 954 imaginem
603 919 753 953 Creatoris‚
776 921 916 955 induistis,

133 960 221 987 Venite
234 962 397 989 exsultemus
415 963 541 996 Domino,
561 965 708 999 jubilemus
726 966 779 994 Deo
803 967 918 995 salutari

124 1012 226 1034 nostro.
244 1008 372 1037 Dicamus
394 1010 472 1043 illud,
493 1012 581 1044 Quam
602 1014 737 1040 terribilia
762 1022 840 1048 opera
861 1020 917 1048 tua,

128 1053 250 1086 Domine,
267 1055 318 1083 etsi
337 1056 363 1083 in
388 1057 564 1086 multitudine
583 1060 713 1093 potentiae
736 1064 788 1088 tuae
812 1061 918 1088 inimici

126 1100 163 1125 tui
181 1100 306 1128 frustrati
336 1108 411 1135 sunt,
442 1110 539 1139 sponte
570 1113 619 1132 sua
636 1105 670 1133 ad
701 1106 824 1133 divinum
840 1110 918 1134 tuum

126 1146 229 1179 lumen,
246 1148 318 1182 quod
340 1149 442 1176 mundo
456 1151 600 1185 apparuit,
626 1152 721 1179 oculos
748 1153 917 1181 claudentes.

125 1192 343 1228 Proeoccupemus
370 1195 465 1229 [aciem
495 1197 552 1231 ejus
583 1198 610 1224 in
636 1199 811 1233 confessione,
839 1206 862 1226 et
891 1201 919 1227 iu

125 1239 384 1273 psalmisjubilemus
400 1241 594 1271 ei.()fferamus
606 1252 716 1279 semper
732 1245 787 1272 Deo
797 1246 914 1273 hostiam

125 1285 302 1318 laudationis,
323 1287 374 1314 lioc
403 1292 456 1320 est,
477 1288 597 1316 fructum
627 1290 763 1318 labiorum
779 1292 915 1319 confiten-

125 1331 191 1358 tium
210 1333 314 1359 nommi
332 1333 403 1367 ejus,
421 1342 472 1361 nec
486 1335 685 1364 obliviscamur
709 1337 836 1365 beneficii
857 1339 917 1374 ejus

125 1383 207 1411 atque
219 1379 496 1407 communicationis:
513 1381 614 1409 talibus
626 1382 699 1409 enim
714 1384 834 1411 victimis
847 1384 918 1412 Deus

125 1424 275 1451 delectatur
307 1429 389 1460 atque
420 1426 594 1461 placatur³¹¹‚
624 1432 654 1455 ut
683 1429 780 1457 sordes
813 1432 918 1465 peccati

124 1470 280 1502 abluamus,
303 1475 329 1498 et
355 1473 534 1501 renovabitur
563 1474 635 1502 sicut
660 1476 760 1511 aquilae
786 1477 918 1511 juventus

971 227 1018 253 καὶ
1044 228 1128 261 ἐγγὺς
1157 228 1312 263 ἀφανισμοῦ
1329 229 1450 262 γεγονὸς,
1471 232 1504 264 τῇ
1526 232 1612 266 Καινῇ
1636 231 1759 267 Διαθήκῃ

971 272 1168 308 παρεχώρησεν
1180 282 1186 288 ·
1203 273 1260 300 ἀλλ’
1276 272 1322 300 οὖν
1338 274 1386 299 οὑκ
1402 275 1549 310 ἁσυντελὴς
1566 276 1657 311 ὴπαρ”
1673 277 1758 311 αὐτῆς

969 317 1085 349 διάλεξις
1096 321 1152 350 τοῖς
1168 321 1286 350 συνετοῖς
1300 321 1448 355 ἀκροαταῖς
1460 321 1580 354 γέγονεν,
1592 321 1686 357 ὥσπερ
1698 323 1756 348 οὐδὲ

971 365 986 398 ἡ
1009 365 1081 399 παρὰ
1105 365 1151 391 τοῦ
1168 366 1250 400 νόμου
1270 367 1298 392 ἐν
1321 368 1410 398 σκιαῖς
1427 367 1474 393 καὶ
1494 367 1635 402 αἰνίγμασι
1649 368 1695 394 τοῦ
1709 377 1756 403 με-

970 411 1053 444 γάλου
1084 412 1233 446 μυστηρίου
1271 413 1508 449 προαναφώνησις.
1535 414 1615 440 Δεῦτε
1639 412 1685 441 οῦν
1710 415 1757 441 καὶ

971 457 1059 492 ὑμεῖς,
1078 458 1197 493 Πατέρες
1212 459 1259 485 καὶ
1278 459 1386 493 ἀδελφοὶ
1408 460 1597 495 πνευματικοὶ,
1613 462 1637 486 οἰ
1661 461 1756 496 ἑορτά·

970 503 1026 535 ζειν
1041 503 1223 539 δεδιδαγμένοι
1235 505 1263 531 ὲν
1277 505 1415 541 καινότητι
1427 506 1591 541 πνεύματος,
1606 507 1651 532 καὶ
1663 507 1693 533 ού
1705 515 1757 532 πα·

968 549 1088 585 λαιότητι
1113 551 1285 585 γράμματος,
1304 552 1328 577 οἱ
1345 553 1373 578 ἑν
1392 552 1506 588 ἀζύμοις
1522 553 1694 589 εἱλικρινείας
1710 554 1756 579 καὶ

969 596 1095 631 ἀληθείας
1112 597 1141 622 τὸ
1154 597 1243 632 τίμιον
1264 598 1311 624 καὶ
1336 597 1464 629 ζωοποιὸν
1482 599 1576 634 Πάσχα
1593 601 1643 632 τῆς
1661 600 1756 631 θυσίας

969 644 1086 679 Χριστοῦ
1105 645 1242 680 ἑορτάζειν
1266 645 1432 679 ὀφείλοντες·
1450 647 1472 671 οἱ
1490 647 1521 681 τῇ
1541 645 1599 681 θείᾳ
1611 647 1758 681 ἀναγεννή-

970 700 1010 717 σει
1026 690 1072 717 τοῦ
1099 691 1177 725 ἁγίου
1206 691 1392 727 βαπτίσματος
1412 692 1456 718 τὸν
1482 692 1595 719 παλαιὴν
1616 692 1758 728 ἄνθρωπον

969 737 1142 772 ἀποθέμενοι,
1165 738 1210 764 τὸν
1238 738 1307 765 κατὰ
1338 739 1386 771 τὰς
1413 739 1559 774 ἐπιθυμίας
1580 740 1627 774 τῆς
1652 740 1758 775 ἀπάτης

969 784 1155 819 φθειρόμενον,
1183 785 1284 811 καὶτὸν
1304 785 1362 811 νέον
1375 785 1560 820 ἐνδυσάμενοι,
1585 786 1630 811 τὸν
1647 786 1758 811 ἀνεικαι-

969 831 1096 865 νούμενον
1117 831 1155 862 είς
1179 831 1325 865 ἐπίγνωσιν
1341 832 1400 857 κατ’
1426 831 1516 858 εἰκόνα
1539 830 1585 857 τοῦ
1605 830 1757 861 κτίσαντος·

970 877 1069 907 Δεῦτε,
1101 877 1351 911 ἀγιιλλιασώμεθα
1373 876 1412 909 τῷ
1431 877 1539 910 Κυρίῳ,
1561 876 1761 910 ἀλαλιὶξωμεν

970 922 1010 955 τῷ
1024 922 1084 955 Θεῷ
1101 923 1140 955 τῷ
1157 923 1267 957 σωτῆρι
1281 923 1375 958 ἡμῶν.
1386 923 1515 958 Εἵπωμεν
1532 923 1572 955 τὸ,
1588 923 1636 955 Ὠς
1651 923 1760 957 φοόεριί

969 969 1005 996 τὰ
1019 970 1090 1003 ἔργα
1105 978 1173 1002 σου,
1188 969 1295 1004 Κύριε]
1313 971 1337 995 εἰ
1351 970 1398 996 καὶ
1412 970 1440 995 ὲν
1456 969 1493 1004 τῷ
1508 969 1602 1004 πλήθει
1619 970 1667 1004 τῆς
1681 969 1760 995 δυνά-

972 1015 1043 1051 μεώς
1057 1024 1102 1042 σου
1119 1017 1142 1042 οἱ
1157 1016 1249 1051 ἐχθροί
1269 1025 1314 1042 σου
1330 1015 1488 1050 ἐψεύσαντο,
1503 1015 1634 1046 ἑκουσίως
1651 1015 1718 1049 πρὸς
1730 1014 1761 1040 τὸ

970 1061 1053 1095 φανὲν
1066 1062 1104 1096 τῷ
1116 1061 1210 1097 κόσμῳ
1225 1062 1295 1088 θεῖόν
1313 1071 1358 1088 σου
1374 1062 1499 1096 φῶςτοὺς
1518 1061 1674 1095 ὀφθαλμοὺς
1691 1061 1760 1086 ἀπο-

972 1107 1115 1141 μύσαντες.
1136 1107 1359 1142 Προφθιὶσωμεν
1375 1107 1408 1133 τὸ
1433 1107 1594 1141 πρόσωπον
1614 1107 1705 1133 αὑτοῦ
1727 1107 1762 1133 ἐν

969 1154 1196 1189 ἐξομολογήσει,
1212 1154 1260 1181 καὶ
1272 1155 1306 1181 ὲν
1314 1155 1445 1189 ψαλμοῖς
1459 1154 1657 1187 ἁλαλιίξωμεν
1669 1152 1758 1184 αὐτῷ.

977 1200 1180 1236 Ἀνενέγκωμεν
1214 1201 1309 1227 θυσίαν
1332 1201 1460 1232 αἰνέσεως
1480 1200 1624 1231 διαπαντὸς
1638 1200 1676 1235 τῷ
1691 1199 1759 1234 Θεῷ,

970 1248 1092 1274 τουτέστι
1105 1248 1210 1283 καρπὸν
1231 1248 1343 1282 χειλέων
1365 1247 1566 1282 ὁμολογούντων
1591 1246 1630 1281 τῷ
1650 1246 1762 1280 ὀνόματι

971 1294 1063 1326 αὑτοῦ,
1081 1295 1129 1329 τῆς
1146 1303 1175 1320 τε
1202 1294 1325 1326 εὐποιίας
1348 1295 1394 1320 καὶ
1414 1294 1556 1325 κοινωνίας
1576 1293 1612 1328 μὴ
1628 1292 1763 1319 ἐπιλαθώ-

973 1341 1061 1376 μεθα·
1089 1341 1227 1372 τοιαύταις
1252 1341 1306 1376 γὰρ
1328 1341 1433 1372 θυσίαις
1458 1341 1646 1375 εὐαρεστεῖται
1663 1339 1676 1364 ὁ
1697 1339 1762 1370 Θεὸς

971 1387 1014 1412 ἰ’να
1037 1386 1083 1412 τον
1114 1387 1198 1422 ῥύπον
1230 1387 1279 1422 τῆς
1304 1386 1441 1422 ἁμαρτίας
1469 1385 1664 1420 ἀπονιψώμεθα
1677 1406 1684 1417 ‚
1716 1387 1764 1410 καὶ

971 1433 1229 1469 ἀνακαινισθήσεται
1249 1433 1286 1464 ὡς
1299 1433 1378 1459 ἀετοῦ
1394 1434 1410 1468 ἡ
1425 1432 1597 1468 πνευματικὴ
1611 1432 1687 1466 ἡμῶν
1702 1431 1761 1457 νεό-

970 1488 1019 1514 της
1031 1488 1037 1494 ’
1052 1480 1176 1514 καθάπερ
1190 1480 1237 1505 καὶ
1254 1478 1300 1505 τοῦ
1326 1479 1460 1514 μακαρίου
1485 1477 1636 1513 πρετὸύτου
1650 1477 1761 1512 Συμεῶ-

125 1521 219 1544 nostra
236 1518 404 1552 spiritualis:
419 1520 650 1554 quemadmodum
661 1523 743 1549 etiam
757 1523 828 1550 beati
845 1524 919 1552 senis
934 1532 955 1561 C
973 1534 1026 1557 νος,
1040 1526 1082 1551 ἵνα
1099 1526 1144 1552 καὶ
1175 1526 1255 1560 ἡμεῖς
1283 1525 1429 1561 εἰρηνικῶς
1451 1534 1479 1551 τε
1499 1525 1546 1551 καὶ
1563 1524 1717 1559 περιχαρῶς
1734 1525 1763 1549 ὲν

125 1561 280 1595 Simeonis,
297 1569 327 1591 ut
346 1573 396 1593 nos
410 1574 520 1602 quoque
536 1567 651 1601 pacifice
677 1570 833 1605 gaudioque
858 1578 919 1605 per-

124 1609 177 1636 fusi
194 1615 276 1645 atque
294 1611 420 1639 hilariter
430 1620 497 1639 cum
516 1613 588 1640 bona
608 1614 712 1642 fiducia
726 1624 757 1643 ac
777 1625 826 1652 spe
844 1619 919 1645 salu-

124 1656 160 1683 tis
176 1655 208 1682 ad
225 1657 328 1684 exitum
345 1658 407 1685 vitaz
433 1667 590 1693 curramus,
606 1665 632 1688 et
650 1670 704 1689 non
723 1671 784 1689 cum
815 1665 919 1698 pudore

123 1705 150 1727 et
166 1707 250 1734 metu,
273 1707 300 1730 et
331 1704 448 1738 quodam
468 1705 551 1733 modo
578 1707 704 1735 nolentes
730 1713 758 1736 et
775 1709 853 1736 inviti
885 1710 918 1737 ad

124 1747 239 1774 exitium
267 1750 327 1776 vitzc
355 1752 574 1780 contendamus:
609 1755 842 1788 quemadmodum
871 1757 918 1792 qui

125 1793 195 1820 male
213 1794 264 1821 sibi
282 1797 386 1823 conscii
405 1802 480 1830 sunt,
505 1806 575 1833 aegre
591 1806 623 1826 ae
641 1801 754 1827 moleste
774 1802 845 1836 regis
871 1803 919 1829 ad-

126 1846 234 1868 rentum
258 1842 358 1869 serunt.
377 1842 517 1871 lmitemur
541 1845 627 1872 beatae
651 1846 735 1874 Annae
752 1847 778 1874 in
804 1848 918 1883 iejuniis

124 1889 206 1919 atquc
220 1887 393 1915 orationibus
406 1891 567 1917 continuum
581 1891 702 1919 studium
717 1897 800 1928 atque
821 1902 918 1930 perpe-

124 1936 198 1958 tuam
215 1933 395 1968 diligentiam,
412 1944 445 1963 ne
473 1938 588 1965 muliere
604 1939 755 1967 deteriores
788 1949 849 1969 esse
877 1942 918 1968 vi-

123 1979 249 2012 deamur,
267 1982 319 2008 sub
336 1982 432 2009 umbra
451 1983 530 2019 Legis
552 1986 706 2020 praesertim
724 1987 843 2020 vivente,
870 1989 916 2016 ubi

124 2026 226 2053 talibus
244 2027 394 2056 virtutibus
425 2030 563 2058 clarorum
589 2032 731 2059 bominum
762 2042 825 2061 rara
852 2041 917 2062 sunt

123 2073 257 2106 exempla.
280 2074 381 2101 Verum
409 2084 460 2103 nos
477 2078 523 2112 qui
550 2078 654 2105 lumine
686 2081 782 2114 gratiae
799 2081 917 2108 illustra·

124 2125 196 2149 mur,
217 2120 264 2153 qui
282 2128 345 2147 vera
360 2126 386 2148 et
406 2123 551 2150 manifesta
567 2132 615 2159 spe
632 2126 747 2153 nitimur
759 2130 786 2153 ct
803 2127 917 2162 adjuva-

125 2171 197 2195 mur,
214 2165 258 2199 qui
277 2166 383 2193 viribus
397 2167 517 2202 Spiritus
536 2170 742 2204 confirmamur,
763 2180 796 2200 ne
822 2172 914 2200 disce-

123 2208 221 2237 damus
250 2219 264 2237 ιι
285 2213 374 2240 sacris
405 2213 551 2247 doctrinis,
588 2223 619 2243 ex
654 2218 755 2252 quibus
786 2219 916 2246 salutaris

124 2254 235 2283 babitus
253 2258 354 2285 animis
368 2260 474 2287 innasci
492 2264 634 2301 consuevit
651 2273 656 2289 ι
683 2264 915 2299 quemadmodum

123 2301 197 2327 illam
214 2311 324 2338 quoque
340 2306 479 2333 memoriae
496 2309 633 2341 proditum
650 2314 691 2336 cst
704 2317 718 2335 a
735 2311 838 2345 templo
860 2320 915 2338 non

122 2348 294 2382 discessisse,
313 2359 346 2378 ne
361 2352 543 2386 cogitationes
573 2359 685 2382 nostras
708 2357 911 2392 circumvagam

121 2399 148 2420 et
167 2402 180 2420 a
195 2396 292 2423 timore
309 2396 355 2424 Dei
373 2398 502 2426 aberrare
527 2401 662 2433 sinamus,
690 2403 737 2429 scd
757 2411 789 2430 cx
806 2404 866 2438 ipso
883 2409 909 2432 et

122 2448 170 2474 per
201 2441 290 2475 ipsum
325 2450 423 2471 carnes
452 2449 563 2473 nostras
594 2454 625 2473 ac
658 2455 756 2475 sensus
790 2454 912 2483 nostros,

121 2483 351 2519 qtl'cmadmodum
368 2494 446 2524 optat
463 2491 507 2518 ille
532 2491 666 2527 Propheta
680 2494 713 2526 ⁶⁶,
728 2495 910 2530 conligamus.

122 2533 272 2561 Audiamus
292 2543 421 2570 magnum
448 2537 562 2566 Paulum
591 2539 735 2567 docentem
753 2549 759 2567 :
778 2541 914 2576 Conjunoei

123 2587 166 2603 ῑύι»
178 2580 223 2605 nnt'
235 2581 300 2612 viro,
313 2587 340 2607 nt
352 2583 476 2617 virqirtetn
487 2589 589 2610 castam
601 2584 705 2612 Christo
717 2586 863 2613 exhiberem
877 2587 910 2619 ¹⁵⁷,

122 2630 148 2651 et
169 2633 202 2653 ne
221 2626 323 2654 soedera
338 2633 364 2655 et
385 2635 463 2664 pacta
481 2630 548 2657 inita
563 2638 624 2658 cum
640 2631 686 2658 illo
705 2640 752 2667 per
767 2634 912 2661 consocia-

125 2670 224 2696 tionem
241 2677 267 2698 et
293 2674 520 2702 consuetudinem
544 2684 606 2703 cum
629 2677 691 2703 vitae
718 2683 818 2705 nostrae
836 2680 913 2706 vitia·

124 2720 192 2746 tore,
216 2717 339 2745 faciendo
366 2728 426 2754 quae
454 2721 499 2749 ille
517 2723 652 2755 volucrit,
681 2724 851 2759 negligamus
883 2732 914 2751 ac

126 2762 330 2791 rescindamus:
350 2766 431 2793 etiam
459 2768 485 2794 in
502 2768 552 2794 boc
577 2769 715 2797 imitantcs
737 2771 914 2805 prophetissa:

163 2851 183 2864 ⁵²
204 2850 269 2878 Hel».
294 2860 351 2886 xiii,
375 2854 412 2880 ΙΙὶ.
452 2856 473 2870 Η
488 2856 556 2882 Psal.
576 2865 666 2889 cxxiii,
684 2858 742 2884 tao.

973 1572 1060 1606 ἀγαθῇ
1080 1572 1239 1606 πεποιθήσει
1256 1572 1302 1598 καὶ
1319 1571 1445 1606 σωτηρίῳ
1469 1571 1555 1596 ἐλπίδι
1572 1569 1638 1605 πρὸς
1653 1569 1700 1604 τὴν
1715 1567 1762 1594 τοῦ

972 1618 1028 1653 βίου
1051 1618 1137 1649 ἔξοδον
1167 1618 1326 1653 δράμωμεν,
1357 1618 1403 1644 καὶ
1429 1618 1465 1652 μὴ
1490 1617 1547 1652 μετ’
1568 1616 1698 1651 αἰσχύνης
1715 1615 1763 1641 καὶ

970 1664 1046 1695 δέους
1059 1664 1104 1690 τὸν
1120 1664 1241 1699 παρόντα
1251 1663 1306 1698 βίον
1318 1663 1517 1698 ὑπεξέλθωμεν,
1531 1663 1576 1688 καὶ
1587 1662 1686 1697 τρόπον
1702 1661 1762 1687 τινὰ

972 1710 1009 1744 μὴ
1029 1709 1195 1744 βουλόμενοι,
1211 1709 1336 1744 καθάπερ
1349 1710 1373 1735 οἰ
1394 1708 1499 1743 πονηρὰ
1511 1709 1616 1739 ἑαυτοῖς
1630 1715 1762 1740 συνεγνω-

970 1756 1058 1787 κότες,
1087 1756 1156 1791 ἀηδῆ
1176 1765 1205 1782 τε
1225 1757 1272 1783 καὶ
1288 1754 1531 1790 κατεστυγημένην
1554 1753 1601 1779 τοῦ
1630 1752 1762 1788 βασιλέως

970 1803 1018 1837 τὴν
1035 1803 1193 1829 ἐπιστασίαν
1209 1802 1310 1837 ἔχουσι.
1335 1800 1528 1837 Μιμησώμεθα
1553 1801 1601 1835 τῆς
1626 1799 1762 1834 μακαρίας

972 1849 1072 1883 ’Ἃννης
1087 1848 1117 1873 τὸ
1139 1849 1167 1874 ὲν
1187 1848 1324 1884 νηστείαις
1341 1857 1369 1874 τε
1388 1847 1433 1874 καὶ
1451 1847 1615 1884 προσευχαῖς
1638 1845 1762 1871 σύντονον

971 1895 1016 1921 καὶ
1039 1895 1187 1921 ἀνένὸοτον·
1215 1894 1252 1930 μὴ
1268 1894 1396 1928 γυναικὸς
1421 1894 1529 1929 χείρους
1542 1891 1701 1928 φανείημεν,
1716 1891 1762 1918 καὶ

969 1940 1055 1967 ταῦτα
1069 1942 1120 1967 ὑπὸ
1136 1943 1184 1977 τὴν
1200 1941 1278 1967 σκιὰν
1297 1941 1508 1976 πολιτευομένης
1524 1939 1569 1966 τοῦ
1587 1939 1680 1974 νόμου,
1697 1938 1760 1965 ἔνθα

970 1989 999 2015 τὺ
1010 1989 1038 2014 ἐν
1056 1988 1160 2020 τούτοις
1171 1988 1314 2023 εὐδόκιμον
1328 1988 1449 2014 σπάνιον.
1473 1986 1541 2013 Ἀλλ’
1560 1987 1638 2021 ἡμεῖς
1646 1985 1683 2020 τῷ
1691 1984 1760 2019 φωτὶ

970 2035 1211 2070 καταλαμπόμενοι
1229 2035 1277 2069 τῆς
1305 2035 1425 2069 χάριτος,
1446 2034 1491 2059 καὶ
1507 2032 1545 2067 τῷ
1559 2031 1649 2067 τρανῷ
1670 2040 1698 2057 τε
1713 2031 1760 2056 καὶ

970 2081 1152 2116 ἐκτυπωτέρῳ
1164 2081 1213 2115 τῆς
1230 2080 1336 2111 ἐλπίδος
1350 2079 1535 2114 βοηθούμενοι,
1552 2079 1598 2104 καὶ
1614 2077 1651 2112 τῷ
1666 2076 1759 2126 κράτ-ει

970 2127 1017 2152 τοῦ
1030 2126 1189 2161 Πνεῦματος
1210 2125 1419 2160 δυναμούμενοι,
1447 2124 1484 2158 μὴ
1510 2123 1688 2158 χωρισθῶμεν
1707 2131 1760 2147 των

971 2173 1051 2207 ἱερῶν
1080 2172 1262 2206 διδαγμάτων,
1280 2171 1308 2204 ἐξ
1335 2168 1371 2196 ὧν
1387 2172 1402 2205 ἡ
1418 2171 1547 2204 σωτήριος
1566 2169 1621 2200 ἕξις
1635 2170 1694 2198 ταῖς
1709 2167 1760 2201 ψυ-

969 2220 1029 2253 χαῖς
1045 2217 1212 2244 tutin-„asom
1237 2217 1331 2243 εἴωθεν
1344 2225 1350 2230 ·
1377 2216 1501 2250 καθάπερ
1523 2215 1637 2249 κάκείνη
1656 2214 1759 2249 ἀχώρι-

969 2273 1030 2295 στος
1045 2263 1113 2290 εἶναι
1135 2264 1181 2289 τοῦ
1202 2262 1275 2297 ἱεροῦ
1297 2262 1515 2298 μεμαρτύρηται,
1533 2261 1570 2296 μὴ
1587 2258 1758 2295 περιπλαζώ-

970 2309 1038 2343 μεθα
1061 2309 1122 2340 τοὺς
1137 2309 1283 2342 λογισμοὺς
1305 2307 1357 2334 ἀπὸ
1382 2306 1427 2332 τοῦ
1455 2306 1526 2332 θείου
1546 2306 1639 2340 φόῧου,
1656 2305 1711 2332 ἀλλ’
1728 2305 1757 2338 ἐξ

968 2353 1051 2380 αὑτοῦ
1068 2362 1097 2378 τε
1118 2353 1164 2378 καὶ
1180 2354 1207 2378 ὲν
1223 2352 1297 2386 αὐτῷ
1317 2352 1366 2383 τὰς
1380 2352 1482 2387 σάρκας
1499 2351 1576 2386 ἡμῶν
1591 2352 1637 2377 καὶ
1651 2351 1685 2377 τὰ
1696 2351 1757 2386 νοή-

971 2408 1054 2434 ματα,
1066 2398 1138 2425 κατὲι
1150 2399 1199 2432 τὴν
1214 2399 1260 2424 τοῦ
1277 2398 1415 2433 προφήτου
1428 2398 1521 2433 εὐχὴν,
1542 2396 1757 2432 καθηλώσωμεν.

975 2445 1147 2480 Ἀκούσωμεν
1160 2445 1206 2471 τοῦ
1218 2445 1333 2479 μεγάλου
1344 2445 1448 2471 Παύλου
1462 2444 1631 2475 διδάσκοντος
1645 2451 1652 2458 ·
1662 2444 1760 2477 Ἡρμο-

968 2491 1069 2526 σάμην
1085 2491 1162 2525 ὑμᾶς
1176 2491 1219 2517 ἑνὶ
1231 2491 1316 2525 ἀνδρί
1331 2490 1480 2525 παρθένον
1493 2490 1590 2525 ἁγνὴν·
1605 2488 1760 2523 παραστῆ-

968 2546 1018 2564 σαι
1032 2537 1071 2568 τῷ
1081 2536 1205 2571 Χριστῷ,
1218 2538 1265 2563 καὶ
1276 2537 1313 2572 μὴ
1325 2537 1373 2568 τὰς
1385 2537 1450 2573 πρὸς
1462 2537 1541 2563 αὐτὸν
1553 2536 1688 2570 συνθήκας
1697 2534 1758 2561 ἀθε-

968 2585 1094 2618 τήσωμεν
1118 2583 1160 2609 διὰ
1186 2583 1236 2617 τῆς
1253 2583 1321 2618 πρὸς
1343 2583 1388 2609 τὸν
1413 2581 1514 2617 φθορέα
1527 2581 1576 2615 τῆς
1593 2580 1664 2615 ζωῆς
1679 2580 1757 2615 ἡμῶν

969 2630 1109 2665 ἐπιμιξίας
1131 2631 1162 2656 ἐκ
1188 2630 1233 2656 τοῦ
1256 2630 1341 2655 ποιεῖν
1356 2629 1389 2655 τὰ
1403 2629 1507 2654 ἐκείνου
1525 2627 1682 2662 θελήματα·
1706 2626 1757 2653 κάν

969 2676 1055 2710 τούτῳ
1070 2676 1232 2711 μιμούμενοι
1245 2676 1294 2711 τῆς
1319 2675 1483 2710 προφήτιδος
1497 2674 1526 2699 το
1542 2673 1648 2708 σῶφρόν
1664 2681 1691 2698 τε
1710 2672 1757 2698 καὶ

971 2724 1117 2758 μονόζυγον
1129 2732 1133 2736 ⁴
1151 2723 1216 2748 ἀλλὰ
1230 2722 1299 2748 κατὰ
1307 2721 1337 2746 τὸ
1346 2721 1489 2755 πρόχειρον
1501 2718 1537 2753 μὴ
1551 2717 1755 2752 ἀπολειφθείητε

970 2772 1017 2805 ’.ἧς
1037 2773 1186 2806 μιμήσεως,
1205 2771 1259 2796 ὅσοι
1279 2767 1442 2803 μονογαμίας
1455 2766 1630 2801 ὲ),ύθητε,κα“·
1642 2766 1664 2791 εί
1676 2765 1754 2791 δυνα-

785 2859 805 2874 ³'
830 2858 848 2885 ll
864 2858 926 2885 Cur.
950 2868 986 2891 xi,
1003 2860 1027 2884 2.
