1878 3036
165 105 212 131 51¹
780 109 808 137 S.
831 110 993 138 GttEGORu
1012 110 1158 137 NYssENt
1741 113 1793 141 512

164 162 229 187 mini
247 162 358 189 dubium
379 167 428 195 est,
446 164 512 198 quin
531 169 559 191 ut
575 172 638 192 caro
662 173 695 193 ex
713 168 826 193 materia
853 172 947 194 coacta
964 171 987 199 Α
1002 168 1104 203 ὑλώδης
1129 166 1195 194 οὖσα
1222 169 1252 203 τῇ
1284 169 1362 204 ὑλικῇ
1382 169 1469 205 ταύτῃ
1491 169 1547 206 ζωῇ
1575 171 1791 205 προσῳκείωται,

165 212 347 242 concretaque
371 211 431 236 vitm
459 210 503 237 isti
519 218 618 239 crassae
636 212 807 246 conjunctior
833 218 885 247 est,
911 216 951 241 sic

165 254 273 281 animus
288 259 352 281 tunc
370 263 432 282 vere
450 257 523 283 vivat
538 258 620 284 vitam
639 258 711 285 illam
727 267 740 285 a
771 260 884 286 materia
907 268 949 287 re-

166 303 278 331 motam,
299 308 360 334 quae
377 305 467 328 mente
488 298 545 329 sola
562 304 813 338 comprehenditur,
842 307 951 340 quando

165 347 306 373 materiam
319 347 370 373 sihi
380 348 584 383 circumiectam
598 352 762 383 excusserit,
774 357 799 379 et
809 352 949 386 abjecerit.

165 393 273 426 Quodsi
293 394 319 420 in
336 401 451 429 corpore
466 403 558 422 verum
578 397 666 431 ipsum
689 397 789 424 bonum
816 399 951 425 consiste-

165 444 215 470 ret.
233 440 313 467 nobis
332 440 454 474 profecto
469 441 615 469 dolendum
640 447 723 475 esset,
748 451 808 470 cum
827 452 841 470 a
869 452 951 471 carne

165 486 355 517 distrahimur,
377 488 506 521 quoniam
534 489 707 517 discedentes
727 498 741 516 a
764 498 888 524 corpore,
917 491 951 517 ab

164 531 221 565 ipsa
235 532 297 559 boni
315 533 510 567 conjunctione
530 534 745 562 discederemus.
758 535 836 562 Nunc
859 540 950 563 autem

164 578 292 611 quoniam
310 578 410 612 bonum
429 580 506 612 illud,
529 588 609 615 qnam
626 581 740 616 cogitari
758 582 854 616 possit,
873 582 951 618 longe

164 624 347 658 praestantius,
366 625 399 651 ad
415 626 494 659 cujus
513 626 719 654 similitudinem
745 627 810 654 sacti
834 636 928 656 sumus
941 649 948 661 ,

163 671 286 704 eorporis
305 678 402 706 expers
423 676 474 703 cst.
507 676 651 707 menteque
677 673 735 700 sola
762 674 948 708 perspicitur:

163 717 242 745 nobis
257 722 347 744 autem
374 725 536 752 persuasum
560 726 621 745 esse
643 718 736 751 debet,
764 719 874 753 quando
902 728 951 755 per

162 767 276 791 mortem
301 771 403 798 corpus
429 764 625 798 relinquimus,
655 764 688 791 ad
716 769 842 792 naturam
864 765 949 799 illam,

161 818 221 843 quse
231 810 271 835 'ah
305 809 378 836 omni
401 817 532 844 corporea
562 809 746 837 crassitudine
766 814 872 837 remota
896 814 948 844 cst,

1004 214 1075 240 οὕτω
1092 214 1137 240 καὶ
1150 215 1166 249 ἠ
1180 215 1251 249 ψυχὴ
1268 216 1328 241 τίτε
1346 216 1454 250 μετέχει
1471 217 1519 251 τῆς
1537 217 1633 252 νοερᾶς
1647 217 1694 243 καὶ
1710 213 1792 243 {mnu

1005 258 1087 294 ζωῆς,
1104 260 1168 285 ὅταν
1187 260 1235 295 τὴν
1255 261 1434 296 περιέχουσαν
1450 261 1532 296 αὐτὴν
1551 262 1616 297 ὓλην
1631 262 1793 297 ἀποτινάξη-

1005 312 1057 329 ται.
1072 304 1103 329 Τί
1118 302 1163 330 οῦν
1182 305 1210 331 ἐν
1222 305 1327 337 τούτοις
1343 307 1485 341 συμφορᾶς
1503 308 1575 333 ἐστιν
1590 307 1680 340 ἄξιον;
1703 308 1727 333 εἰ
1744 308 1793 342 μὲν

1005 349 1058 384 γὰρ
1082 350 1160 385 σῶμα
1175 349 1208 386 ἦν
1224 352 1254 377 τὺ
1273 352 1379 387 ἀληθῶς
1394 353 1504 386 ἀγαθὸν,
1519 353 1703 388 δυσχεραίνειν
1719 355 1792 388 ἡμᾶς

1004 395 1057 420 ἔδει
1071 395 1138 430 προς
1154 396 1202 430 τὴν
1215 398 1263 431 τῆς
1278 397 1378 432 σαρκὸς
1390 397 1576 432 ἀλλοτρίωσιν,
1598 397 1634 428 ώς
1648 398 1793 423 ἐκπιπτόν-

1004 448 1057 466 των
1075 441 1152 476 ἡμῶν
1168 442 1272 468 ἐκείνου
1283 463 1290 473 ,
1306 443 1579 478 συναποῧαλλομένης
1598 444 1707 474 πάντως
1725 444 1792 478 μετὰ

1005 485 1050 511 τοῦ
1072 484 1196 520 σώματος
1218 488 1265 513 καὶ
1283 487 1333 522 τῆς
1355 488 1423 523 πρὸς
1448 488 1477 514 τὸ
1494 489 1595 522 ἀγαθὸν
1618 489 1791 523 οἰκειότητος.

1011 531 1118 567 Ἐπειδὴ
1133 532 1159 558 δὲ
1179 533 1270 567 νοερόν
1285 542 1313 559 τε
1336 534 1383 559 καὶ
1405 533 1548 568 ἀσώματον
1564 534 1594 560 τὸ
1613 534 1682 569 ὑπὲρ
1703 535 1793 561 πᾶσαν

1004 576 1107 603 ἔννοιαν
1121 578 1232 612 ἀγαθὸν,
1249 577 1278 606 οὗ
1291 580 1351 605 κατ’
1364 580 1455 606 εἰκόνα
1466 581 1617 615 γεγόναμεν
1628 589 1634 596 ·
1647 580 1793 607 ἀκόλουθον

1005 622 1037 649 ἂν
1051 623 1091 658 εἴη
1108 623 1263 655 πεπεῖσθαι,
1281 624 1344 650 ὅταν
1357 624 1399 651 διὰ
1411 625 1456 651 τοῦ
1471 625 1584 651 θανάτου
1597 625 1664 660 πρὸς
1679 625 1709 651 τὸ
1722 624 1793 651 ἀσώ·

1006 677 1090 703 ματον
1107 669 1323 705 μεταδαίνωμεν,
1341 671 1530 706 προσεγγίζειν
1546 672 1638 706 ἐκείνῃ
1652 672 1684 706 τῇ
1701 670 1791 705 φύσει.

1003 714 1020 749 ἥ
1043 715 1133 749 πάσης
1157 716 1317 750 σωματικῆς
1332 717 1519 751 παχυμερείας
1543 716 1721 751 κεχώρισται,
1746 716 1793 742 καὶ

1003 759 1058 788 οἷόν
1072 771 1098 788 τι
1120 763 1289 797 προσωπεῖον
1307 763 1425 797 εἰδεχθὲς
1444 763 1493 798 τὴν
1507 762 1631 798 σαρκώδη
1648 762 1793 797 περιὸολὴν

1004 808 1181 843 ὲκδυομενους
1193 829 1199 840 ,
1214 809 1252 840 είς
1277 809 1306 835 τὸ
1323 809 1421 835 οἰκεῖον
1438 809 1576 836 ἐπανιέναι
1591 808 1704 840 κάλλος,
1726 809 1754 834 ἐν
1771 806 1793 842 ᾧ

162 854 400 889 appropinquare,
420 858 446 882 et
463 855 555 881 carnis
567 855 680 881 exuvias
702 858 831 889 tanquam
855 863 950 890 perso-
966 853 985 880 B
1001 854 1061 880 κατ’
1080 854 1167 889 ἀρχὰς
1184 854 1394 890 ἑμορφώθημεν,
1415 855 1475 881 κατ’
1496 855 1587 880 εἰκόνα
1612 854 1657 881 τοῦ
1679 854 1793 889 ἀρχετύ-

161 909 224 928 nam
242 901 387 935 quanulam
405 901 482 928 nobis
495 901 648 936 impositam
658 901 833 935 deponentes,
846 903 878 929 ad
890 910 950 930 eam

162 947 252 973 redire
272 946 513 981 pulchritudinem,
533 955 612 981 quam
631 948 719 980 initio,
737 956 797 975 cum
813 949 845 975 ad
859 957 951 976 exem-

162 992 244 1026 plaris
265 993 410 1026 imaginem
432 993 516 1020 creati
537 1001 643 1024 sumus,
665 994 823 1021 habuimus.
848 994 884 1021 Ea
905 1002 951 1022 co-

161 1039 256 1073 gitatio
268 1039 388 1065 letitiam
402 1039 492 1069 nobis,
512 1047 564 1066 non
582 1040 721 1067 tristitiam
738 1040 848 1068 deberet
869 1041 951 1068 all'er-

161 1092 274 1116 1·e,cum
294 1085 474 1120 intelligimus
494 1086 633 1113 hominem
655 1087 813 1114 necessario
830 1088 951 1122 peregri-

162 1129 282 1156 nationis
300 1130 475 1164 perl'unctum
491 1138 614 1162 munere,
632 1138 687 1157 non
703 1132 820 1166 amplius
836 1133 862 1159 in
886 1133 951 1160 alie-

162 1177 203 1204 nis
222 1176 380 1212 regionibus
396 1177 499 1208 vivere,
513 1177 561 1204 sed
575 1177 691 1212 singulis
710 1178 862 1210 elementis,
879 1179 951 1214 quod

162 1222 195 1247 ab
211 1226 328 1256 utroque
345 1222 466 1256 ipsorum
486 1225 669 1253 mutuaverat,
699 1222 818 1255 reddito,
836 1223 868 1249 ad
886 1231 950 1258 pro-

162 1269 247 1302 priam
266 1268 317 1295 sibi
334 1268 543 1302 naturalemque
563 1267 684 1300 domum,
700 1275 807 1302 puram,
827 1276 858 1296 ac
870 1270 951 1296 coele-

162 1318 229 1341 stem
245 1315 318 1340 illam
335 1313 425 1341 sedem
438 1314 592 1340 revertisse.
610 1313 762 1348 Hospitium
779 1315 850 1341 enirn
863 1315 951 1349 prose-

162 1365 216 1393 cto‚
230 1361 402 1394 alienumque
419 1360 585 1392 domicilium
603 1364 644 1386 est
659 1363 764 1387 naturae
782 1361 819 1387 illi
839 1361 951 1388 materia

162 1407 263 1433 carenti
279 1414 378 1440 eorpus
395 1406 457 1437 hoc,
474 1405 519 1431 cui
537 1413 614 1432 mens
631 1406 656 1432 in
677 1406 729 1433 ista
746 1407 800 1433 vita
824 1414 838 1433 a
857 1407 952 1434 condi-

162 1453 235 1479 tione
251 1452 336 1486 ipsius
354 1458 468 1485 prorsus
485 1451 645 1478 abhorrenti
663 1452 820 1479 necessario
837 1452 952 1487 conjun-

162 1501 215 1527 cta,
237 1496 419 1522 conflictatur.
446 1495 512 1521 Nam
541 1499 635 1522 mutua
669 1496 726 1523 hzec
754 1497 951 1524 elementorum

1002 909 1053 926 που
1070 901 1219 936 γενόμενοι.
1239 901 1270 927 Ἠ
1281 901 1308 928 δὲ
1320 901 1430 936 τοιαύτη
1441 901 1554 933 διάνοια,
1570 900 1748 936 εὐφροσύνης,
1763 901 1793 927 οὐ

1003 946 1153 981 κατηφείας
1167 947 1266 981 γένοιτ’
1287 947 1320 973 ἂν
1338 948 1394 980 τοῖς
1412 947 1568 982 λεγομένοις
1588 946 1731 978 ὑπόθεσις,
1754 947 1794 973 ὅτι

1002 992 1051 1027 τὴν
1072 992 1225 1026 ἀναγκαίαν
1245 992 1346 1028 ταύτην
1368 992 1539 1028 λειτουργίαν
1563 992 1764 1026 ἀποπληρώσας
1780 993 1794 1017 ὁ

1002 1038 1162 1074 ἄνθρωπος,
1181 1039 1271 1065 οὐκέτι
1294 1039 1323 1065 ἐν
1348 1039 1498 1074 ἀλλοτρίοις
1525 1038 1574 1073 ζῇ,
1603 1038 1718 1069 ἀποδοὺς
1745 1037 1794 1072 μὲν

1002 1085 1110 1120 ἑκάστῳ
1128 1084 1181 1110 τῶν
1203 1085 1342 1119 στοιχείων
1359 1085 1390 1110 τὸ
1409 1085 1483 1117 ἴδιον,
1504 1083 1518 1110 ὃ
1541 1084 1604 1118 παρ’
1621 1083 1710 1110 αὐτῶν
1726 1084 1795 1118 ἠρα-

1002 1130 1103 1162 νίσατο,
1119 1132 1158 1162 εἰς
1174 1131 1202 1157 δὲ
1216 1131 1264 1166 τὴν
1286 1131 1387 1158 οἰκείαν
1403 1131 1475 1166 αὐτῷ
1492 1131 1538 1158 καὶ
1562 1130 1632 1157 κατὰ
1651 1130 1731 1164 φύσιν
1745 1130 1794 1155 ἑπ-

1004 1176 1122 1202 ανελθὼν
1145 1175 1252 1208 ἑστίαν,
1271 1177 1321 1212 τὴν
1342 1177 1465 1211 καθαρὰν
1481 1176 1528 1202 καὶ
1544 1175 1700 1210 ἀσώματον.
1725 1175 1793 1210 Ξένη

1002 1222 1055 1257 γάρ
1072 1223 1113 1254 τίς
1127 1224 1198 1249 ἐστιν
1213 1223 1296 1254 ὅντως
1313 1223 1358 1249 καὶ
1376 1223 1528 1257 ἀλλοδαπὴς
1542 1224 1575 1257 τῇ
1589 1221 1727 1256 ἀσωμάτῳ
1741 1221 1792 1255 φύ-

1004 1278 1044 1295 σει
1059 1269 1075 1303 ἡ
1095 1269 1140 1294 τοῦ
1157 1268 1282 1303 σώματος
1297 1269 1357 1304 ῦλη,
1377 1266 1464 1305 ᾖκατ*
1480 1269 1602 1303 ἀνάγκην
1616 1269 1629 1294 ὸ
1644 1268 1705 1299 νοῦς
1721 1269 1748 1294 ἐν
1761 1269 1793 1302 τῇ

1003 1314 1059 1348 ζωῇ
1075 1314 1160 1348 ταύτῃ
1176 1313 1433 1348 συμπεπλεγμένος,
1453 1312 1650 1347 ὲνταλαιπωρεῖ
1662 1311 1700 1346 τῷ
1715 1311 1793 1337 ἁλλο-

1004 1358 1079 1393 φύλῳ
1102 1359 1151 1393 βίῳ
1180 1358 1414 1393 συνδιαιτώμενος.
1433 1358 1487 1393 Τῆς
1506 1357 1559 1392 γὰρ
1582 1357 1636 1383 τῶν
1656 1356 1794 1391 στοιχείων

1003 1404 1071 1439 πρὸς
1086 1403 1188 1438 ἄλληλα
1205 1403 1382 1438 συμπλοκῆς,
1400 1403 1494 1437 ὥσπερ
1510 1403 1591 1429 τινῶν
1608 1401 1795 1436 ἀλληλογλώσ-

1005 1458 1057 1475 σων
1070 1458 1099 1475 τε
1115 1450 1160 1476 καὶ
1175 1449 1389 1484 ἀπεξενωμένων
1401 1450 1457 1480 τοῖς
1477 1448 1570 1483 ἣθεσιν
1585 1447 1745 1482 ἀνθρώπων,
1763 1448 1794 1473 ἑν.

1003 1495 1139 1530 διαφόρων
1159 1495 1243 1521 ἐθνῶν
1264 1495 1311 1521 ’ένα
1330 1495 1415 1530 δῆμον
1433 1494 1678 1529 ἀναπληρούντων,
1703 1493 1794 1528 βεὸια-

162 1540 319 1573 eonjunetio
339 1545 380 1567 est
397 1540 480 1566 veluti
504 1540 645 1567 bominum
663 1541 745 1568 variis
760 1545 786 1568 et
804 1542 904 1577 linguis
924 1546 951 1569 et
965 1547 986 1575 C
1004 1542 1090 1577 σμένη
1106 1551 1134 1568 τε
1149 1542 1195 1568 καὶ
1206 1541 1368 1576 ἀσύμφωνος
1383 1541 1486 1575 γίνεται
1499 1541 1515 1576 ἡ
1529 1540 1665 1572 κοινωνία,
1678 1539 1793 1565 ἑκάστου

163 1587 284 1612 moribus
308 1586 453 1617 utentium,
484 1587 529 1620 qui
560 1595 593 1613 ex
620 1587 737 1615 dlversis
769 1589 896 1622 gentibus
924 1589 951 1615 in

163 1640 246 1658 unum
264 1632 459 1664 confluxerint,
484 1633 603 1659 violenta
622 1633 745 1667 quaedam
767 1636 885 1661 societas
911 1638 952 1661 at-

162 1685 214 1711 que
234 1677 411 1709 dissentiens,
428 1686 490 1704 cum
507 1685 521 1703 a
537 1686 584 1705 sua
610 1679 828 1714 unumquodque
853 1685 952 1708 natura

163 1723 196 1749 ad
213 1724 352 1758 proprium
368 1728 669 1758 cognatumquegenns
687 1725 870 1752 distrahatur.
885 1727 951 1753 Ani-

164 1778 224 1796 mus
239 1774 340 1802 autem,
357 1771 402 1805 qui
422 1778 475 1797 non
492 1775 533 1798 est
556 1771 736 1805 compositus⁷
759 1772 805 1798 sed
834 1772 951 1806 simplici

163 1820 245 1850 atque
273 1817 354 1844 [mins
380 1818 488 1851 generis
515 1822 613 1844 natura
647 1821 766 1849 constat.
798 1818 868 1845 iuter
896 1819 952 1845 haze

164 1866 295 1896 tanquam
314 1863 413 1897 hospes
428 1871 459 1889 ac
473 1864 632 1898 peregrinus
648 1863 723 1895 vivit,
746 1871 795 1890 nee
817 1871 877 1890 cum
895 1865 951 1891 ele-

1001 1589 1069 1623 πρὺς
1088 1588 1117 1614 τὸ
1133 1587 1262 1622 συγγενὲς
1277 1588 1324 1614 καὶ
1345 1588 1443 1613 οἰκεῖον
1461 1587 1513 1613 ὑπὸ
1536 1587 1585 1621 τῆς
1605 1586 1672 1617 ἰδίας
1687 1585 1795 1620 φύσεως

1000 1635 1197 1670 ἀφελκομένου.
1226 1634 1256 1662 'O
1279 1635 1307 1661 δὲ
1334 1635 1395 1666 νοῦς
1418 1635 1431 1661 ὁ
1453 1635 1558 1665 τούτοις
1581 1633 1794 1668 ἐγκεκραμένος,

1001 1681 1146 1713 ἀσύνθετος
1159 1681 1196 1708 ὣν
1212 1683 1241 1708 ὲν
1264 1681 1335 1716 ἁπλῇ
1352 1690 1381 1707 τε
1396 1681 1442 1708 καί
1460 1681 1590 1715 μονοειδεῖ
1608 1681 1641 1715 τῇ
1659 1680 1748 1714 φύσει,
1766 1679 1794 1705 ὲν

1003 1726 1088 1758 ξένοις
1100 1728 1147 1754 καὶ
1158 1728 1308 1762 ἀλλοτρίοις
1319 1726 1362 1762 ζῇ,
1375 1726 1534 1761 ἀσύμφυλος
1545 1726 1581 1752 ὢν
1592 1726 1630 1761 τῷ
1642 1726 1794 1760 περιέχοντι

1005 1773 1085 1798 αὐτὸν
1103 1774 1133 1799 ὲκ
1151 1773 1203 1799 τῶν
1228 1772 1365 1807 στοιχείων
1384 1772 1471 1807 δήμῳ,
1486 1771 1515 1802 ὃς
1531 1773 1563 1806 τῇ
1579 1771 1745 1806 πολυμερείᾳ
1760 1772 1793 1806 τῇ

1007 1821 1148 1854 σωματικῇ
1163 1819 1195 1845 δι’
1218 1819 1340 1853 ἀνάγκης
1354 1818 1425 1848 τινὸς
1441 1818 1655 1853 ἐνσπειρὰμενος
1675 1817 1723 1852 τὴν
1735 1818 1795 1843 ἑαυ-

1005 1864 1052 1890 τοῦ
1066 1865 1146 1898 φύσιν
1157 1864 1291 1899 βιάζεται,
1311 1864 1367 1895 τοῖς
1383 1858 1541 1897 ἀλλοφύλοις
1558 1863 1711 1898 ἑνούμενος.

164 1913 329 1941 mentorum,
352 1914 380 1935 ut
409 1910 445 1935 ita
468 1909 573 1941 dicam,
604 1909 704 1944 populo
728 1913 817 1943 potest
847 1918 1006 1943 congruere.
1039 1910 1063 1938 ls
1093 1911 1165 1938 enim
1199 1911 1364 1938 necessitate
1394 1909 1512 1944 quadam
1537 1918 1569 1937 ex
1598 1910 1794 1944 multiplicibus

164 1955 359 1989 corporeisque
381 1955 522 1989 particulis
543 1960 654 1983 coaetus
681 1960 805 1983 naturam
840 1963 916 1983 suam
949 1956 1030 1991 cogit,
1062 1961 1142 1985 etex
1175 1958 1323 1986 contrariis
1354 1958 1500 1993 generibus
1528 1956 1689 1991 copulatur,
1713 1960 1794 1991 atque

164 2007 248 2025 unum
262 2000 387 2026 efficitur.

201 2045 301 2072 Verum
336 2053 397 2072 cum
427 2046 563 2073 elementa
580 2047 742 2073 naturaliter
769 2047 839 2074 inter
854 2056 882 2074 se
896 2048 953 2075 dis-

166 2092 304 2123 sentiant,
320 2099 350 2118 ac
373 2091 575 2123 dissolvantur,
591 2097 616 2119 et
634 2092 667 2119 ad
685 2101 766 2119 suum
795 2094 952 2128 proprium-

166 2144 220 2169 que
241 2145 326 2170 genus
351 2137 457 2171 singula
477 2138 660 2169 contendant,
687 2137 714 2164 in
741 2146 772 2165 ea
801 2142 952 2166 concentus

1042 2048 1101 2074 Τῶν
1114 2048 1141 2074 δὲ
1155 2048 1291 2082 στοιχείων
1304 2048 1370 2083 πρὸς
1382 2047 1430 2082 τὴν
1445 2047 1498 2073 τῶν
1513 2046 1687 2081 ἀπ’ἀλλήλων
1702 2047 1791 2072 διάλυ-

1007 2103 1049 2121 σιν
1068 2094 1189 2128 φυσικῶς
1206 2094 1252 2119 ἐπὶ
1267 2094 1297 2119 τὸ
1317 2093 1446 2127 συγγενές
1460 2102 1487 2119 τε
1509 2093 1555 2118 καὶ
1569 2093 1666 2118 οἰκεῖον
1680 2093 1794 2125 ἀφελκο-

1008 2140 1105 2174 μένων,
1121 2141 1237 2171 ἀνιᾶται,
1263 2139 1322 2165 κατ’
1338 2139 1459 2173 ἀνάγκην
1476 2138 1608 2173 λυομένης
1622 2147 1651 2163 τε
1674 2139 1719 2164 καὶ
1738 2147 1794 2172 σχι-

164 2181 346 2209 dissolutione
372 2191 469 2209 sensus
498 2183 606 2218 angitur
638 2184 808 2216 necessario,
836 2188 861 2211 ct
899 2192 951 2211 una
971 2187 990 2214 D
1006 2184 1121 2219 ζομένης
1146 2184 1195 2218 τῆς
1218 2184 1364 2218 συμφυΐας,
1386 2185 1402 2218 ἡ
1421 2183 1561 2217 αἴσθησις·
1590 2183 1744 2210 συνίσταται
1766 2183 1793 2209 δὲ

165 2235 226 2253 cum
253 2228 312 2261 ipso
340 2235 421 2254 sensu
450 2228 589 2254 cruciatur
613 2229 743 2256 animus:
772 2230 818 2264 qui
843 2230 905 2257 licet
920 2231 953 2257 ab

166 2273 224 2306 ipso
251 2281 366 2307 corpore
400 2280 508 2307 semper
533 2274 665 2300 alliciatur
699 2275 841 2306 molestia,
875 2276 902 2302 in
922 2276 953 2302 il-

165 2319 210 2345 lud
240 2324 328 2345 tainen
356 2319 390 2345 ol)
415 2320 624 2347 consuetudinis
644 2321 875 2348 necessitudinem
891 2330 954 2356 pro-

165 2373 268 2399 pensus
279 2368 329 2391 est.
347 2365 530 2397 Quamobrem
555 2370 619 2392 tunc
635 2366 744 2393 animus
768 2367 830 2401 angi
846 2368 954 2393 crucia-

165 2413 241 2446 riqne
260 2412 359 2438 desinit
373 2433 380 2444 ‚
395 2420 455 2438 cum
475 2420 488 2438 a
503 2420 591 2446 pugna
606 2433 613 2444 ‚
629 2420 688 2446 qua:
705 2421 736 2439 ex
752 2413 953 2440 contrariorum

165 2459 362 2484 elementorum
397 2458 592 2492 conjunctione
632 2459 794 2493 consurgit,
825 2460 951 2486 evaserit.

166 2503 272 2529 Etenim
289 2512 349 2529 eum
373 2504 413 2530 vel
446 2503 573 2537 frigidum
605 2504 638 2530 ab
664 2508 845 2538 exsuperante
866 2505 954 2531 calido

166 2549 266 2574 victum
286 2549 385 2581 suerit,
410 2549 451 2575 vel
475 2549 592 2575 calidum
616 2549 640 2574 vi
661 2549 748 2583 frigidi
776 2554 952 2583 superatum,

167 2596 207 2620 vel
224 2596 289 2621 sicci
305 2596 431 2629 potentiae
452 2595 594 2621 humidum
612 2595 787 2622 succubuerit.
802 2616 807 2627 ,
826 2600 954 2622 contrave

167 2641 269 2666 siccum
305 2641 391 2674 ipsum
405 2661 411 2671 ,
448 2641 618 2668 humiditatis
653 2643 730 2676 copia
768 2642 930 2668 dissolutum
946 2662 952 2672 ,

168 2686 290 2715 cesserit„
310 2690 374 2711 tune
391 2687 461 2713 bollo
477 2695 523 2721 per
540 2691 654 2714 mortem
675 2687 817 2719 consecto,
835 2688 952 2718 animus,

169 2732 263 2757 whom
278 2731 463 2758 dimicationis
482 2742 595 2767 rampo,
625 2734 650 2759 id
672 2739 712 2759 est
724 2753 730 2762 ,
748 2735 806 2767 ipso
821 2740 952 2767 corporv.

170 2785 235 2811 paee
251 2777 345 2807 utitur,
360 2782 386 2803 et
403 2782 478 2803 extra
497 2779 569 2804 :wios
588 2779 736 2805 instructas
753 2786 892 2813 egressum,
913 2779 952 2804 xi—

170 2824 299 2857 rihusque
314 2823 386 2855 suis,
403 2831 460 2857 qua·
477 2825 617 2858 complexu
641 2825 763 2859 corporis
791 2825 893 2852 amicho
915 2824 952 2851 la-

1004 2231 1037 2265 τῇ
1062 2229 1186 2264 αἰσθήσει
1205 2229 1234 2254 τὸ
1250 2228 1417 2262 διανοητικὺν
1434 2227 1483 2261 τῆς
1509 2227 1597 2261 ψυχῆς
1617 2227 1683 2261 πρὸς
1700 2227 1730 2252 τὸ
1751 2227 1794 2253 ἀεὶ

1004 2275 1105 2301 λυποῦν
1121 2275 1152 2300 ἐκ
1171 2274 1312 2307 συνηθείας
1327 2273 1540 2307 ἐπικλινομενον.
1561 2273 1625 2298 Τότε
1642 2271 1687 2298 οὖν
1704 2274 1717 2298 ὁ
1733 2273 1794 2304 νοῦς

1004 2320 1145 2355 δυσφορῶν
1164 2328 1191 2346 τε
1218 2320 1264 2345 καὶ
1287 2319 1435 2353 ἀνι(ἷ)μενος
1452 2319 1577 2349 παύεται,
1596 2319 1660 2345 ὅταν
1683 2318 1734 2350 ἔξω
1749 2319 1794 2352 γέ-

1005 2375 1082 2400 νηται
1097 2365 1146 2400 τῆς
1164 2365 1253 2399 μάχης
1271 2365 1318 2399 τῆς
1336 2366 1364 2390 ὲν
1382 2366 1413 2399 τῇ
1430 2364 1572 2398 συμπλοκῇ
1587 2363 1640 2389 τῶν
1662 2365 1794 2390 ἀντιστοι-

1005 2411 1122 2445 χούντων
1140 2411 1346 2445 συνισταμένης.
1377 2411 1500 2437 Ἐπειδὰν
1523 2411 1576 2445 γὰρ
1602 2411 1617 2446 ἢ
1640 2411 1669 2436 τὸ
1691 2411 1794 2445 ψυχρὸν

1004 2456 1106 2490 ἡττηθῇ
1136 2456 1183 2481 τοῦ
1210 2456 1310 2491 θερμοῦ
1337 2456 1558 2490 κατισχύσαντος,
1582 2456 1597 2490 ἣ
1623 2456 1654 2481 τὸ
1678 2456 1793 2490 ἔμπαλιν

1006 2503 1093 2536 φεύγῃ
1113 2502 1158 2528 τὸν
1174 2502 1341 2537 πλεονασμὸν
1363 2503 1411 2537 τῆς
1426 2503 1530 2537 ψύξεως
1548 2504 1564 2537 ἡ
1588 2502 1732 2536 θερμότης,
1756 2502 1793 2537 τῷ

1004 2557 1033 2574 τε
1048 2549 1121 2583 ξηρῷ
1134 2549 1177 2574 διὰ
1192 2549 1240 2583 τῆς
1256 2549 1462 2584 ἐπικρατήσεως
1476 2549 1506 2574 τὸ
1523 2548 1604 2583 ὑγρὸν
1617 2549 1792 2583 ὐποχωρησῃ,

1005 2595 1020 2630 ἢ
1040 2595 1150 2629 διαλυθῇ
1172 2595 1217 2621 τοῦ
1247 2594 1328 2629 ξηροῦ
1354 2596 1384 2621 τὸ
1410 2596 1506 2628 πάγιον
1523 2595 1551 2620 ἑν
1576 2595 1614 2629 τῷ
1632 2594 1793 2628 πλεονασμῷ

1005 2642 1054 2675 τῇς
1070 2642 1228 2675 ὑγρότητος,
1254 2641 1312 2667 τότε
1331 2641 1376 2667 τοῦ
1402 2641 1429 2666 ἐν
1453 2641 1519 2674 ἡμῖν
1541 2640 1658 2674 πολέμου
1682 2640 1724 2666 διὰ
1747 2639 1792 2665 τοῦ

1006 2687 1118 2713 Θανάτου
1137 2687 1270 2718 λυθέντος,
1289 2688 1400 2722 εἰρήνην
1425 2686 1439 2711 ὁ
1464 2687 1524 2718 νοῦς
1549 2687 1619 2719 ἄγει,
1638 2685 1792 2712 καταλιπὼν

1006 2734 1034 2759 τὸ
1050 2735 1096 2768 τῆς
1116 2734 1204 2768 μάχης
1230 2734 1399 2768 μεταίχμιον,
1427 2733 1456 2759 τὸ
1474 2733 1551 2767 σῶμα
1577 2732 1656 2766 λέγω,
1674 2733 1719 2759 καὶ
1743 2732 1791 2765 τῆς

1006 2779 1057 2804 των
1082 2778 1218 2812 στοιχείων
1236 2778 1302 2812 πρὸς
1319 2778 1419 2811 ἄλληλα
1439 2777 1617 2811 amputabimus
1642 2777 1693 2809 ἔξω
1717 2777 1790 2809 γενύ-

1009 2834 1095 2859 gis-1¹14
1125 2824 1182 2850 καθ’
1204 2823 1297 2849 ἑαυτὸν
1316 2823 1357 2857 ζῇ,
1378 2823 1561 2857 πεπονηκυῖαν
1579 2823 1607 2847 ἐν
1628 2821 1657 2854 τῇ
1676 2821 1721 2848 τοῦ
1740 2821 1790 2847 σώ-
