1878 3036
145 85 197 112 507

146 148 212 175 tum,
231 143 355 179 lunaeque
372 149 534 180 cursun1;si
551 157 656 183 eorum,
674 160 733 186 qua)
748 158 816 181 terra
833 157 876 190 gig

146 194 201 215 tam
220 191 292 217 varia
309 193 476 228 pulchraque
495 203 610 228 genera,
635 198 657 224 si
677 199 828 233 jucundum
848 205 930 231 maris

147 242 298 270 aspectum,
315 246 375 265 cum
402 241 483 267 nullis
503 246 644 270 ventorum
662 245 770 274 flatibus
794 250 929 282 turbatur,

147 283 194 308 sed
210 283 307 311 leniter
324 285 470 319 crispatur.
486 292 512 314 et
527 292 655 323 tanquam
669 293 780 325 pulchre
793 294 930 328 depictum

147 329 288 362 splendet:
302 331 323 357 si
342 332 453 365 pulchra
469 338 522 359 tum
538 335 641 368 privata
658 341 714 364 tum
730 339 837 373 publica
850 340 931 366 audili—

149 375 204 404 cia.
222 376 320 409 quibus
346 378 497 413 magnilica}
522 389 553 408 ae
576 384 724 417 splendida}
742 386 866 414 civitates
884 395 932 413 ex-

149 426 301 448 ornantur:
322 422 389 456 haec,
409 425 530 460 inquam,
551 432 577 454 et
600 429 642 456 liis
664 430 762 457 similia
785 432 806 458 si
831 439 933 466 cogno-

147 467 262 499 vissent,
285 469 331 503 qui
351 470 377 496 in
398 479 506 499 carcere
521 475 706 506 continentur.
732 484 785 503 nou
809 477 933 505 dolerent

147 512 234 539 viceni
251 522 357 547 eorum.
375 517 421 551 qni
437 519 542 552 priores
554 529 569 547 e
581 522 705 548 custodia
726 522 831 550 dimissi
858 528 932 557 suut,

148 562 278 594 tanquam
291 568 304 586 a
316 561 386 588 bono
397 563 488 598 aliquo
498 560 710 593 discessissent:
725 572 820 594 contra
831 569 932 603 potius,

148 605 194 638 qui
212 607 314 640 egressi
332 613 434 640 esseut,
452 609 579 637 miseram
595 612 745 639 inselicium
763 614 932 642 inclusorum

148 649 230 676 vitam
255 653 528 682 couuuiserarentur.
552 655 652 684 Eodem
684 658 765 685 modo
788 659 834 693 qui
854 660 933 688 istius

148 696 210 722 vitre
225 704 334 725 carcere
349 700 454 726 liberati
471 706 546 733 sunt,
562 703 584 730 si
598 703 653 729 lieri
668 707 804 738 potest‚ut
817 706 934 734 dolendo

149 741 381 779 lacryunmdoque
398 754 475 773 suam
491 755 553 782 erga
576 749 753 777 calamitosos
777 752 935 779 misericor-

149 786 220 813 diam
235 789 389 821 ostendant,
409 792 536 819 videntur
557 794 621 820 milii
643 796 885 825 lamentationibus
908 801 934 825 et

148 832 276 866 lacrymis
299 836 487 863 commiserari
505 839 689 866 conditionem
707 840 826 874 illorum,
844 843 890 877 qui
908 843 935 870 in

148 877 228 905 istius
249 880 310 906 vitae
325 881 458 908 molestiis
476 890 506 910 ac
523 884 666 912 doloribus
684 886 849 920 detinemur,
865 888 936 922 quod

148 931 192 950 res
213 925 273 952 illas
288 926 495 961 pulcherrimas,
512 934 539 956 et
556 937 571 956 a
587 932 701 958 materia
720 934 935 967 remotissimas,

148 977 207 1003 quae
224 978 306 1004 supra
325 973 454 1000 muudum
474 974 548 1002 hunc
568 981 643 1008 sunt,
674 986 729 1005 non
753 980 935 1014 conspiciant,

149 1023 245 1050 nempe
266 1017 389 1049 thronos,
415 1020 597 1055 principatus,
620 1023 830 1058 dominationes,
855 1034 937 1062 ange-

149 1063 236 1089 lorum
251 1066 399 1097 exereitus,
415 1067 578 1102 piorumque
599 1074 698 1102 coetus.
726 1078 758 1098 ac
780 1080 936 1107 supremam

151 1109 223 1135 illam
248 1110 406 1143 civitatem,
440 1113 703 1150 celeberrimumque
728 1125 810 1152 supra
838 1119 937 1145 coelum

150 1161 314 1183 conventum
333 1158 452 1190 illorum,
470 1160 516 1194 qui
534 1160 560 1186 in
577 1169 608 1187 ea
627 1162 757 1197 descripti
777 1168 851 1190 suut.
869 1163 937 1190 Nam

148 1202 205 1234 illa,
222 1210 281 1236 quac
299 1203 342 1230 liis
357 1205 485 1232 omnibus
505 1210 623 1240 praestat,
644 1208 832 1241 pulchritudo,
855 1217 937 1244 quam

148 1247 182 1274 ab
200 1248 244 1279 iis,
266 1249 311 1283 qui
333 1251 434 1277 mundo
455 1256 519 1278 sunt
542 1252 626 1279 corde
644 1253 663 1285 ¹,
685 1255 803 1288 perspici
821 1257 938 1283 asseruit

148 1294 262 1327 quinon
281 1296 422 1329 mentitur,
447 1297 535 1331 major
554 1303 606 1331 est,
632 1307 713 1334 quam
732 1301 785 1327 ulla
808 1309 856 1335 spe
872 1309 938 1329 con-

147 1339 287 1372 J'ecturave
304 1342 410 1376 concipi
435 1343 532 1370 valeat.
555 1343 647 1378 Neque
670 1353 734 1373 vero
753 1346 778 1372 id
802 1347 891 1374 solum
911 1348 938 1374 in

149 1384 229 1410 nobis
245 1385 357 1418 gemitu,
378 1385 528 1421 doloreque
546 1388 656 1423 dignum
679 1394 785 1423 putant,
811 1392 857 1425 qui
876 1392 939 1418 liinc

149 1429 336 1464 decesserunt,
348 1432 395 1458 sed
406 1433 491 1459 multo
505 1435 602 1469 magis,
616 1436 761 1469 quodcum
776 1441 830 1463 tam
845 1438 939 1465 multis

771 95 797 121 S.
820 96 983 124 Gnssssesstl
1000 99 1147 128 NYSSENt

1719 109 1770 138 508

880 157 928 189 uit,
947 162 967 187 Α
981 159 1031 192 τῆς
1051 161 1102 194 γῆς
1121 161 1149 186 ἐν
1164 161 1219 192 τοῖς
1237 161 1421 197 βλαστήμασιν
1441 163 1523 198 ὥραν,
1544 164 1590 190 καὶ
1606 164 1654 200 τὴν
1680 165 1771 200 ἡδεῖαν

982 205 1030 238 τῆς
1047 204 1183 239 Θαλάσσης
1197 206 1266 240 ὄψιν,
1278 208 1306 233 ἐν
1319 208 1443 234 λειοειδεῖ
1456 209 1488 243 τῇ
1502 208 1572 243 αὐγῇ
1587 209 1619 235 δι’
1633 210 1768 244 ῆρεμαίου

981 249 1027 274 τοῦ
1057 249 1210 284 πνεύματος
1233 251 1380 287 γλαφυρῶς
1405 253 1636 288 ὲπιφρίσσουσαν,
1664 253 1718 279 τῶν
1741 262 1770 279 τε

983 295 1051 321 κατὰ
1065 294 1113 325 τὰς
1126 295 1215 327 πόλεις
1231 297 1453 332 οἰκοδομημάτων
1468 297 1502 324 τὰ
1517 298 1611 333 κάλλη,
1625 298 1658 325 τά
1675 307 1701 324 τε
1717 298 1770 325 ἴδια

983 340 1029 366 καὶ
1045 340 1079 366 τὰ
1090 341 1215 375 δημόσια,
1230 342 1262 368 δι’
1278 340 1315 369 ὧν
1328 344 1354 369 αἱ
1370 344 1493 378 λαμπραί
1509 352 1537 369 τε
1550 344 1596 370 καὶ
1614 344 1770 375 πολυτελεῖς

983 386 1036 412 τῶν
1052 387 1154 413 πόλεων
1175 388 1405 421 καλλωπίζονται·
1424 390 1447 415 εἰ
1462 389 1548 416 ταῦτα
1564 390 1651 416 τοίνυν
1672 390 1767 425 ᾔδεσαν

983 433 1030 458 καὶ
1049 433 1083 459 τὰ
1098 434 1207 460 τοιαῦτα
1228 435 1252 461 οἱ
1268 435 1439 469 ἐπιταχθέντες
1456 435 1494 470 τῷ
1509 435 1704 470 δεσμωτηρίῳ,
1722 436 1771 462 οὐκ

984 479 1016 504 ἃν
1037 479 1099 510 τοὺς
1118 480 1148 504 ἐκ
1169 480 1218 514 τῆς
1237 480 1360 514 φυλακῆς
1384 481 1587 516 προαγομένους
1609 481 1646 512 ὡς
1669 482 1770 515 ἀγαθοῦ

984 534 1054 556 τινος
1075 525 1275 561 χωριζομένους
1295 527 1519 561 ἀπωλοφύροντο·
1544 526 1610 562 ὅπερ
1635 525 1680 553 οὖν
1700 526 1772 558 εἰκὸς

984 570 1046 600 τοὺς
1059 569 1111 601 ἔξω
1126 570 1172 596 τοῦ
1194 570 1379 605 δεσμωτηρίου
1396 571 1459 606 περὶ
1478 571 1531 598 τῶν
1547 572 1586 597 ἔτι
1607 571 1772 606 καθειργμέ-

984 624 1036 641 νων
1049 616 1219 648 διανοεῖσθαι,
1237 616 1274 647 ὡς
1289 616 1391 651 ὲλεεινῇ
1409 617 1722 652 προσταλαιπωρούντων
1738 618 1771 651 τῇ

985 659 1052 695 ζωῇ.
1077 659 1155 687 Οὕτω
1173 668 1216 696 μοι
1234 661 1342 688 δοκοῦσι
1362 661 1409 688 καὶ
1434 662 1458 688 οἱ
1473 663 1523 697 τῆς
1538 662 1583 689 τοῦ
1602 662 1658 697 βίου
1677 662 1772 688 τούτου

985 705 1108 740 φυλακῆς
1122 705 1173 737 ἔξω
1189 706 1344 741 γινόμενοι,
1360 707 1439 742 εἴπερ
1454 707 1521 739 ὅλως
1542 708 1653 734 δυνατὸν
1670 705 1704 742 ἦν
1726 707 1774 733 αύ-

985 752 1041 783 τοῖς
1060 751 1103 778 διὰ
1121 751 1243 786 δακρύων
1260 752 1427 784 ἐνδείξασθαι
1447 753 1495 787 τὴν
1520 753 1587 788 πρὸς
1606 753 1669 784 τοὺς
1691 762 1774 779 κακο-

987 796 1139 828 παθοῦντας
1156 797 1327 832 συμπάθειαν
1337 818 1344 829 ,
1361 797 1469 833 θρηνεῖν
1484 798 1530 824 καὶ
1544 797 1671 833 δακρύειν
1685 797 1730 823 τὸν
1745 798 1773 823 ὲν

987 845 1046 874 ταῖς
1059 844 1165 875 ὀδύναις
1181 844 1226 870 τοῦ
1243 845 1299 879 βίου
1314 845 1408 872 τούτου
1425 846 1664 881 παρατεινόμενον,
1680 846 1720 871 ὅτι
1737 845 1774 880 μὴ

987 889 1071 925 ὁρῶσι
1087 890 1120 916 τὰ
1133 890 1305 926 ὑπερκόσμιά
1316 900 1344 917 τε
1359 892 1405 918 καὶ
1419 892 1487 918 ἅϋλα
1504 891 1599 925 κάλλη,
1615 891 1725 926 θρόνους
1745 899 1775 916 τε

987 936 1034 962 καὶ
1054 936 1150 971 ἀρχὰς,
1174 937 1307 968 ἐξουσίας,
1329 937 1375 963 καὶ
1393 937 1565 972 κυριότητας,
1584 937 1630 962 καὶ
1648 936 1775 970 στρατιὰς

987 980 1135 1013 ἀγγελικὰς
1146 981 1193 1006 καὶ
1205 981 1362 1016 ἐκκλησίας,
1378 981 1425 1008 καὶ
1437 981 1486 1016 τὴν
1502 981 1557 1008 ἅνω
1570 981 1657 1012 πόλιν,
1670 981 1717 1006 καὶ
1727 979 1776 1015 τὴν

989 1025 1184 1060 ὑπερουράνιον
1199 1026 1252 1052 τῶν
1270 1026 1526 1062 ἀπογεγραμμένων
1548 1027 1712 1061 πανήγυριν.
1741 1025 1778 1052 Τὸ

988 1071 1042 1106 γὰρ
1059 1072 1254 1107 ὑπερκείμενον
1277 1073 1378 1098 τούτων
1405 1073 1511 1105 κάλλος,
1530 1073 1543 1099 ὃ
1560 1073 1622 1104 τοὺς
1642 1073 1777 1107 καθαροὺς

987 1119 1020 1152 τῇ
1034 1118 1131 1152 καρδίᾳ
1145 1117 1252 1152 βλέπειν
1265 1120 1278 1144 ὁ
1290 1118 1406 1153 ἀψευδὴς
1418 1119 1575 1153 ἀπεφήνατο
1588 1119 1675 1153 λόγος,
1687 1119 1775 1152 -κρεῖτ-

988 1164 1033 1190 τόν
1051 1173 1081 1189 τε
1105 1165 1193 1199 πάσης
1215 1164 1320 1196 ἐλπίδος
1339 1165 1407 1196 ἐστὶ,
1428 1165 1475 1191 καὶ
1492 1165 1541 1199 τῆς
1565 1166 1596 1191 ἐκ
1618 1164 1778 1199 στοχασμῶν

989 1209 1112 1240 εἰκασίας
1126 1210 1270 1244 ἀνώτερον.
1290 1211 1325 1236 Ού
1340 1210 1418 1236 τοῦτο
1435 1211 1463 1236 δὲ
1483 1210 1561 1245 μόνον
1579 1209 1737 1244 στεναγμῶν
1749 1218 1778 1235 τε

989 1256 1036 1282 καὶ
1057 1256 1146 1290 λύπης
1165 1256 1238 1288 ἄξιον
1262 1257 1303 1290 ἐφ’
1324 1257 1390 1291 ἡμῖν
1409 1257 1464 1287 τοῖς
1482 1256 1646 1290 μεταστᾶσιν
1669 1255 1701 1281 ἂν
1720 1256 1778 1281 ὲνο-

991 1302 1085 1337 μίσθη,
1100 1302 1156 1328 ἀλλ’
1169 1302 1210 1328 ὅτι
1230 1302 1363 1328 τοσούτων
1382 1301 1513 1335 ἀλγεινῶν
1527 1301 1725 1336 περικειμένων
1741 1299 1779 1335 τῷ

990 1347 1049 1382 βίῳ,
1066 1346 1183 1381 τοσαύτη
1194 1355 1236 1377 τις
1247 1346 1391 1381 ἐντέτηκεν
1405 1345 1520 1380 αὐτοῖςὴ
1535 1346 1597 1380 περὶ
1609 1345 1643 1371 τὰ
1656 1345 1779 1380 μοχθηρὰ

990 1393 1169 1423 συνδιάθεσις,
1184 1393 1224 1418 ὅτι
1244 1392 1292 1426 ούχ
1311 1392 1348 1422 ὡς
1366 1391 1518 1425 ἀναγκαίαν
1533 1391 1592 1417 τινὰ
1609 1390 1780 1425 λειτουργίαν

989 1438 1037 1473 τὴν
1058 1436 1209 1473 προσὸολὴν
1225 1437 1312 1463 αὐτῶν
1328 1436 1464 1470 φέρουσιν,
1486 1435 1541 1461 ἀλλ’
1555 1435 1627 1465 ὅπως
1647 1434 1678 1460 ἂν
1693 1434 1731 1464 εἰς
1750 1433 1780 1458 τὸ

153 1477 283 1504 {erumnis
312 1478 484 1512 miseriisque
505 1480 605 1507 referta
627 1481 662 1507 sit
688 1483 844 1509 mortalium
871 1483 936 1515 vita,
952 1492 973 1520 C
990 1484 1112 1518 διηνεκὲς
1127 1482 1280 1518 παραμένοι
1293 1482 1388 1512 ταῦτα,
1403 1481 1452 1516 τὴν
1473 1480 1589 1515 σπουδὴν
1607 1487 1780 1515 περιποιουν-

151 1527 241 1550 tamen
258 1531 304 1551 eas
321 1525 474 1558 perferendi
487 1529 686 1555 consuetudine
702 1529 742 1556 sic
754 1529 844 1556 affecti
862 1534 936 1562 sunt,

149 1572 179 1594 ut
195 1568 301 1595 vivendi
330 1577 434 1597 moram
465 1571 589 1606 nonjam
624 1572 675 1599 sibi
700 1576 729 1599 ut
755 1573 937 1599 necessariam

150 1614 318 1641 tolerandam
337 1616 513 1649 existiment,
540 1618 587 1645 sed
614 1618 687 1644 omni
712 1618 804 1645 studio
827 1623 939 1645 conten-

149 1659 228 1691 dunt,
247 1665 273 1686 et
289 1666 429 1695 exoptant,
449 1668 477 1689 ut
491 1668 620 1697 perpetua
643 1665 689 1691 sit.
711 1664 778 1691 Nam
802 1666 938 1699 cupiditas

150 1706 331 1740 principatus,
348 1712 374 1733 et
391 1715 484 1742 opum,
514 1712 540 1735 et
569 1710 753 1744 voluptatum,
771 1715 798 1738 et
820 1711 842 1738 si
873 1711 939 1746 quid

149 1751 224 1777 aliud
241 1757 372 1786 praeterea
397 1758 456 1786 cst,
480 1755 660 1789 quamohrem
684 1764 759 1783 arma
782 1757 937 1791 capiantur,

151 1801 282 1829 gerantur
299 1797 379 1830 bella,
396 1798 484 1827 caedes
504 1800 577 1832 liant,
593 1808 744 1835 omnesque
759 1802 877 1829 miseriae
892 1810 939 1829 vo-

151 1844 276 1872 luntariae
294 1847 466 1881 contingant,
487 1852 513 1875 et
533 1848 641 1876 fraudes
662 1849 852 1882 admittantur,
874 1851 939 1884 quid

152 1891 224 1917 aliud
249 1896 324 1923 sunt,
357 1893 409 1920 nisi
436 1894 564 1921 cumulus
592 1894 702 1928 quidam
740 1896 937 1927 calamitatum,

152 1944 231 1970 quem
256 1938 316 1964 vitae
332 1946 380 1972 per
406 1947 434 1966 se
461 1940 569 1967 miserae
594 1940 744 1972 voluntate,
773 1941 878 1972 studio,
908 1948 940 1968 ae

154 1984 265 2010 libidine
282 1993 330 2011 sua
348 1985 473 2012 infelices
491 1986 659 2021 adjungunt?
675 1986 806 2013 Caeterum
825 1994 874 2013 nec
900 1987 940 2013 la·-

152 2029 292 2063 cryinandi
310 2030 360 2061 vis,
380 2038 429 2056 nee
445 2031 497 2057 ulla
511 2031 646 2065 ejusmodi
663 2031 770 2058 allectio
796 2032 874 2058 adest
906 2032 939 2059 iis

152 2076 198 2109 qui
215 2084 247 2102 ex
266 2076 316 2103 liae
334 2076 389 2103 vila
404 2078 578 2111 migrarunt:
594 2083 620 2105 et
635 2078 680 2112 qui
695 2086 710 2104 a
728 2086 810 2105 carne
830 2084 857 2106 et
877 2087 941 2106 sau-

153 2121 234 2154 guine
253 2122 369 2156 sejuncti
391 2127 467 2155 suut,
484 2132 538 2150 nou
558 2125 638 2155 mole,
663 2125 709 2152 sed
736 2129 826 2152 mente
846 2125 939 2152 consi-

153 2172 239 2193 stunt.
258 2167 350 2202 ltaque
365 2177 418 2195 non
439 2169 540 2202 cajum
556 2174 598 2196 est
631 2171 754 2204 ipsorum
782 2175 891 2202 natura,
913 2175 942 2197 ut

154 2219 203 2237 nos
221 2213 308 2239 oeulis
330 2221 460 2244 cernere,
484 2218 531 2240 aut
558 2222 606 2248 per
627 2223 656 2241 se
680 2223 789 2242 mouere
814 2217 941 2243 mortales

154 2261 266 2290 queant,
284 2265 338 2291 quo
355 2265 368 2283 a
384 2257 462 2288 salsa,
480 2266 563 2292 quam
587 2259 621 2285 de
639 2259 720 2287 rebus
742 2260 852 2292 liabent,
884 2262 943 2295 opi-

154 2303 236 2328 nione
248 2302 393 2329 desistant.
410 2302 594 2335 Quamobrem
612 2312 706 2331 eorum
730 2314 843 2332 munere
865 2314 942 2333 nicus

155 2353 248 2375 nostra
267 2348 405 2383 fungatur,
419 2358 524 2384 nosque
539 2355 722 2377 commoneat.
739 2351 778 2377 Ab
796 2351 862 2385 ipsis
880 2360 942 2378 cor-

156 2396 279 2430 poribus,
294 2396 384 2430 quoad
401 2396 457 2423 sieri
474 2400 572 2430 potest,
594 2397 760 2431 cogitatione
781 2403 862 2431 atque
881 2398 941 2423 ani-

156 2449 199 2468 mo
219 2441 391 2473 recedamus,
407 2446 593 2476 exuentesque
605 2450 655 2469 uos
671 2450 702 2469 ea
719 2442 872 2474 affectione,
889 2451 941 2477 qua

156 2494 265 2513 carnem
279 2488 497 2522 complectimur,
524 2488 562 2514 ita
581 2495 631 2514 uos
653 2488 703 2523 ipsi
727 2489 941 2522 compellemus:

156 2533 178 2559 Ο
195 2534 286 2565 liomo,
305 2535 352 2568 qui
371 2540 477 2562 nalurae
495 2535 631 2569 particeps
651 2543 692 2567 es,
709 2535 940 2569 quemadmodum

158 2580 246 2607 Muses
260 2583 401 2616 praecepit,
419 2582 528 2609 attende
541 2583 600 2615 tibi,
617 2590 700 2609 nosce
712 2585 739 2609 te
761 2582 861 2616 ipsum,
881 2581 942 2607 ani-

158 2635 256 2660 moque
269 2628 414 2662 diligenter
437 2629 592 2661 considera,
609 2629 720 2663 quinam
739 2636 802 2655 vere
834 2628 872 2655 sis
903 2633 942 2659 tu,

158 2675 184 2697 et
207 2680 266 2705 quae
285 2674 357 2699 circa
372 2677 398 2699 te
416 2674 575 2705 videantur,
592 2681 625 2700 ne
643 2673 752 2708 quando
764 2693 771 2704 ,
792 2681 852 2708 quae
867 2677 944 2699 extra

160 2720 270 2748 tusum,
293 2717 437 2751 aspiciens,
453 2722 532 2752 putes
553 2723 578 2746 te
598 2718 686 2753 ipsum
706 2719 814 2746 intueri.
835 2717 912 2745 Disce
930 2725 943 2742 a

200 2804 316 2832 ‘Mattlr
338 2814 362 2835 r.
380 2808 404 2832 δ.

990 1539 1044 1556 ται.
1063 1530 1095 1556 '11
1109 1529 1164 1564 γὰρ
1180 1529 1243 1564 περὶ
1259 1528 1308 1559 τὰς
1327 1527 1485 1558 δυναστείας
1501 1535 1530 1552 τε
1550 1526 1598 1552 καὶ
1615 1524 1779 1557 πλεονεξίας,

989 1577 1037 1604 καὶ
1056 1577 1103 1607 τὰς
1120 1574 1324 1605 ἀπολαυστικὰς
1337 1573 1439 1604 ταύτας
1452 1571 1618 1607 λαιμαργίας
1632 1570 1761 1605 ἐπιθυμία
1772 1589 1779 1600 ,

990 1623 1037 1649 καὶ
1057 1622 1082 1648 εἴ
1095 1631 1121 1648 τι
1140 1622 1203 1648 ἄλλο
1227 1620 1346 1646 τοιοῦτον
1365 1619 1561 1650 σπουδάζεται,
1578 1614 1615 1644 ὧν
1632 1617 1711 1651 χάριν
1734 1615 1781 1641 καὶ

990 1669 1073 1700 ὅπλα,
1096 1667 1143 1693 καὶ
1165 1667 1294 1699 πόλεμοι,
1313 1666 1361 1692 καὶ
1383 1664 1582 1699 ἀλληλοφονίαι,
1603 1663 1650 1688 καὶ
1669 1662 1743 1688 πᾶσα
1763 1662 1779 1696 ἡ

990 1714 1121 1744 ἑκουσίως
1136 1712 1320 1748 ἐνεργουμένη
1335 1710 1505 1745 ταλαιπωρία
1523 1710 1568 1735 καὶ
1584 1708 1718 1741 δολιότης.
1737 1707 1781 1732 οὺ-

989 1760 1032 1786 δὲν
1050 1759 1123 1789 ἄλλο,
1141 1758 1156 1793 ἢ
1178 1757 1279 1792 σωρεία
1296 1756 1338 1787 τίς
1353 1756 1409 1781 ἐστι
1426 1754 1584 1790 συμφορῶν,
1606 1754 1637 1779 ἐκ
1654 1751 1781 1802 προαιρεί-

991 1814 1059 1836 σεως
1071 1804 1139 1838 μετὰ
1150 1803 1267 1837 σπουδῆς
1279 1811 1308 1828 τε
1316 1803 1361 1828 καὶ
1371 1801 1522 1837 προθυμίας
1534 1799 1732 1833 επεισαγομένη
1743 1806 1781 1831 τῳ

991 1852 1051 1886 βίῳ.
1072 1850 1152 1876 Ἀλλὰ
1165 1849 1289 1885 δακρύων
1307 1849 1355 1882 μὲν
1370 1849 1399 1874 ἐν
1411 1849 1466 1878 τοῖς
1479 1845 1682 1880 κατοιχομένοις
1698 1844 1782 1876 πάθος

990 1899 1039 1924 οὐκ
1052 1897 1134 1928 ἔστιν,
1150 1896 1190 1922 ὅτι
1203 1896 1262 1931 μηδ’
1279 1895 1341 1921 ἄλλο
1352 1903 1378 1921 τι
1393 1894 1486 1924 πάθος,
1499 1892 1560 1923 νοῦς
1571 1893 1599 1918 δὲ
1609 1892 1656 1917 καὶ
1674 1890 1781 1924 πνεῦμα

990 1943 1179 1978 τυγχάνοντες,
1193 1939 1236 1967 οἶα
1255 1941 1356 1975 σαρκὸς
1372 1938 1576 1975 ἀπηλλαγμένοι
1591 1938 1637 1963 καὶ
1654 1937 1778 1985 αἵματος,

990 1990 1045 2019 τοῖς
1066 1989 1098 2023 τῇ
1115 1987 1249 2021 παχύτητι
1264 1985 1310 2012 τοῦ
1326 1985 1450 2020 σώματος
1470 1982 1684 2017 ὲγκεχωσμένοις
1699 1980 1782 2015 ὀφθη-

991 2044 1033 2061 ναι
1055 2034 1134 2068 φύσιν
1150 2033 1198 2059 οὐκ
1215 2033 1337 2067 ἔχουσιν,
1362 2031 1422 2057 οὐδὲ
1440 2029 1600 2063 νουθετῆσαι
1623 2028 1655 2054 δι’
1676 2026 1781 2053 ἑαυτῶν

991 2081 1053 2111 τοὺς
1071 2078 1230 2114 ἀνθρώπους
1254 2077 1404 2111 ἀποστῆναι
1426 2076 1475 2109 τῆς
1492 2073 1701 2108 πεπλανημένης
1717 2071 1781 2106 περὶ

993 2126 1046 2151 τῶν
1061 2125 1145 2150 ὄντων
1160 2124 1286 2158 κρίσεως.
1303 2121 1407 2149 Οὐκοῦν
1427 2122 1440 2147 ὁ
1461 2120 1522 2150 νοῦς
1538 2121 1602 2153 ἡμῖν
1622 2119 1635 2143 ὁ
1651 2117 1782 2152 ἡμέτερος

958 2161 979 2187 D
996 2172 1051 2197 ἀντ’
1068 2170 1177 2196 ἐκείνων
1190 2168 1364 2202 διαλεχθήτω,
1382 2167 1428 2193 καὶ
1444 2166 1563 2199 εἴπωμεν
1577 2165 1613 2195 ὡς
1630 2164 1686 2189 ἔστι
1702 2163 1781 2189 δυνα-

993 2216 1038 2240 τὸν
1056 2215 1107 2246 ἔξω
1123 2214 1175 2240 τῶν
1192 2213 1325 2247 σωμάτων
1340 2213 1372 2245 τῇ
1389 2210 1492 2244 διανοίᾳ
1504 2209 1652 2243 γενόμενοι,
1672 2207 1718 2233 καὶ
1733 2207 1781 2240 τῆς

994 2260 1062 2294 πρὸς
1078 2259 1126 2293 τὴν
1149 2258 1215 2292 ’ύλην
1231 2256 1416 2291 προσπαθείας
1438 2255 1485 2289 τὴν
1500 2254 1588 2289 ψυχὴν
1603 2253 1781 2286 ἀποστήσαν-

993 2315 1055 2337 τες,
1072 2305 1112 2331 ὅτι
1130 2302 1164 2330 Ὦ
1178 2303 1318 2338 ἄνθρωπε,
1342 2302 1396 2332 πᾶς
1418 2301 1431 2326 ὁ
1454 2300 1574 2335 μετέχων
1591 2299 1640 2333 τῆς
1665 2297 1780 2331 φύσεως,

994 2351 1110 2386 πρόσεχε
1126 2348 1241 2382 σεαυτῷ,
1258 2348 1328 2374 κατὰ
1340 2347 1370 2372 τὸ
1384 2345 1519 2376 Μωῡσέως
1532 2342 1722 2393 παράγγελμα.
1736 2341 1782 2367 καὶ

995 2397 1078 2431 γνῶθι
1096 2395 1209 2421 σεαυτὸν
1230 2394 1362 2429 ἀκριίὶὼς,
1378 2393 1419 2423 τίς
1434 2390 1469 2423 εἷ,
1485 2390 1636 2420 διαστείλας
1653 2397 1691 2422 τῳ
1709 2388 1781 2420 λογι·

996 2443 1066 2478 σμῷ,
1080 2443 1106 2467 τί
1123 2442 1170 2476 μὲν
1184 2439 1291 2475 ἀληθῶς
1303 2437 1327 2465 εἷ
1348 2439 1379 2464 σὺ
1390 2457 1398 2470 ,
1413 2437 1439 2464 τί
1453 2438 1481 2463 δὲ
1497 2436 1560 2471 περὶ
1578 2436 1608 2461 σὲ
1622 2435 1780 2468 καθορᾶται·

996 2490 1101 2524 μήποτε
1122 2487 1155 2513 τὰ
1173 2486 1225 2518 ἔξω
1248 2486 1294 2512 σοῦ
1316 2485 1431 2519 βλέπων,
1448 2482 1558 2510 σεαυτὸν
1573 2481 1690 2530 καθορᾷν
1709 2479 1781 2514 νομί-

996 2543 1061 2570 σης·
1087 2533 1155 2569 μάθε
1175 2532 1249 2566 παρὰ
1265 2531 1312 2557 τοῦ
1332 2529 1448 2565 μεγάλου
1468 2528 1573 2555 Παύλου
1593 2535 1638 2553 του
1653 2525 1686 2551 δι’
1701 2526 1781 2558 ἀκρι-

996 2566 1070 2613 6είας
1095 2579 1299 2614 ἐπεσκεμμένου
1321 2577 1370 2612 τὴν
1393 2576 1481 2610 φύσιν,
1500 2576 1529 2605 ὅς
1558 2582 1640 2608 φησι,
1667 2571 1711 2598 τὸν
1733 2571 1779 2621 μὲν

995 2627 1093 2659 ἔξωθεν
1104 2624 1181 2660 ἡμῶν
1192 2622 1259 2649 εἶναι
1273 2622 1423 2656 ἄνθρωπον,
1433 2620 1477 2646 τὸν
1492 2619 1519 2645 δὲ
1532 2618 1642 2647 ἐ’σωθεν,
1653 2616 1778 2668 κάκείνου

996 2671 1171 2705 φθειρομένου
1196 2669 1289 2695 τοῦτον
1313 2664 1542 2697 ἀνακαινίζεσθαι.
1568 2662 1612 2697 Μὴ
1631 2669 1718 2714 τοινυν
1735 2660 1780 2686 τὸν

997 2716 1174 2751 φθειρόμενον
1191 2714 1305 2748 βλέπων,
1319 2711 1429 2739 σεαυτὸν
1443 2709 1536 2745 οἰηθῇς
1548 2708 1666 2743 βλέπειν.
1685 2707 1780 2733 Ἔσται
