1878 3036
162 111 209 137 Ξὶῖὶὶ

780 116 807 142 S.
829 115 993 144 GREGORH
1015 117 1161 145 NYSSENl

1738 119 1790 147 552

118 197 122 201 ,
159 168 257 196 habet?
271 167 553 204 lnexplebiliquadam
569 171 595 198 in
608 171 741 206 ejusmodi
756 173 836 200 reims
849 179 944 201 natura
963 167 984 195 Λ
1001 175 1095 206 οὐδεὶς
1117 176 1274 210 περιουσίας
1297 176 1358 211 ὅρος
1382 175 1430 212 τὴν
1454 176 1600 212 ἐπιθυμίαν
1626 177 1726 213 ἵστησι.
1749 179 1786 205 Τὸ

159 215 299 249 praeditus,
317 216 410 242 eodem
427 224 488 243 cum
507 217 596 245 avaris
617 219 712 245 morbo
728 219 839 247 laboro:
856 221 947 248 nullus

159 268 242 295 cepiae
254 266 279 287 et
291 261 476 288 redundantia‘
488 263 618 291 terminus
631 265 806 299 cupiditatem
820 266 944 298 coliibet;

159 307 184 332 id
199 307 270 341 quod
289 307 314 333 in
334 307 392 334 dies
412 308 527 339 accedit,
542 308 576 335 ad
598 310 673 344 plura
691 316 820 345 provocat
843 313 948 346 appeti-

159 357 226 384 tum,
242 353 311 379 etin
336 354 454 381 fomitem
476 354 602 383 desiderii
626 357 759 391 maj0rum
782 365 864 392 opum
881 365 946 384 con-

160 399 281 425 vertitur.
299 399 339 426 Me
354 400 461 433 quidem
481 401 615 429 oblectant
630 409 659 429 ea
687 410 745 437 quac
758 407 899 429 versantur
912 403 947 430 ob

158 444 252 472 oculos
265 453 271 477 ;
286 446 465 479 praesentibus
485 450 632 482 torqueor3
650 456 748 476 novum
766 449 947 483 perturbatio—

158 490 200 516 nis
217 498 301 524 genus
316 499 348 518 ex
361 493 505 520 contrariis
525 495 697 522 commistum
719 495 839 521 animum
855 502 945 522 meum

158 535 311 569 occupavit,
328 540 455 571 tanquam
470 538 608 573 voluptate
627 547 687 566 eum
703 540 812 567 tristitia
824 544 946 568 contem-

157 585 260 614 perata.
279 581 366 616 Atque
389 582 415 609 in
431 591 479 610 vos
498 584 607 618 quidem
626 585 647 612 si
668 590 824 613 convertam
841 587 944 619 oeulos,

157 625 184 651 in
197 626 272 653 vobis
283 627 447 654 desiderium
460 633 582 656 nostrum
593 630 755 665 acquiescit;
771 632 793 659 si
802 639 867 659 vero
875 632 945 667 quod

157 670 231 698 deest
258 672 283 699 in
307 674 464 707 memoriani
485 675 585 708 redeat,
608 684 660 702 non
682 676 768 704 liabeo
791 685 845 712 quo
866 682 945 713 pacto

156 718 337 745 calamitatem
354 720 500 754 deplorem.
517 720 646 748 Homines
658 723 729 749 enim
745 725 900 752 omittentes
917 725 943 751 in

156 762 270 790 Domino
285 765 412 799 gaudere,
424 771 450 792 et
467 774 498 793 ex
515 767 642 794 Ecclesiae
661 775 724 802 pace
740 769 832 797 animo
847 777 943 805 capere

1001 222 1044 246 ἀεὶ
1059 222 1270 256 προσγινόμενον
1282 223 1349 257 πρὸς
1363 222 1393 248 τὸ
1407 222 1487 248 πλέον
1499 223 1614 257 ὲρεθίζει
1626 223 1673 258 τὴν
1687 224 1785 259 ὄρεξιν,

1004 266 1171 302 ὑπέκκαυμα
1195 268 1243 302 τῆς
1267 268 1313 294 τοῦ
1335 268 1456 299 πλείονος
1476 268 1621 303 ἐπιθυμίας
1635 270 1781 304 γινόμενον.

1002 313 1149 347 Ευφραίνει
1162 322 1193 348 με
1209 313 1243 339 τὰ
1257 313 1391 348 ὁρώμενα.
1402 314 1464 345 Τοῖς
1479 314 1609 349 παροῦσιν
1624 315 1783 350 ἁγάλλομαι,

1003 358 1048 383 καὶ
1061 359 1117 389 τοῖς
1132 357 1247 384 ἀποῦσιν
1264 359 1411 393 ἀλγύνομαι
1421 367 1427 373 ·
1450 359 1536 385 κοινὸν
1550 368 1575 385 τι
1591 359 1675 391 πάθος
1689 361 1720 386 ὲκ
1732 360 1786 387 τῶν

1001 403 1130 430 ἐναντίων
1142 403 1293 438 σύμμικτον
1305 404 1352 439 τὴν
1365 405 1453 440 ψυχὴν
1467 405 1596 440 περιέχει,
1611 406 1706 440 ἡδονῆς
1718 406 1785 440 πρὸς

999 448 1087 483 λύπην
1104 450 1340 484 συγκεκραμένης.
1367 450 1428 476 Ἐὰν
1449 450 1517 485 πρὸς
1540 451 1611 485 ὑμᾶς
1632 451 1783 485 ἀναόλέψω,

1000 495 1063 530 ὑμῖν
1080 495 1246 521 ἐπαναπαύω
1260 495 1305 521 τὸν
1325 496 1405 522 πνθον
1416 504 1422 510 ·
1446 497 1492 523 ἐὰν
1512 496 1542 522 τὸ
1563 497 1653 522 λεῖπον
1669 496 1784 530 λογίσω-

1000 549 1059 574 μαι,
1071 540 1120 566 οῦκ
1132 540 1185 575 ’έχω
1196 540 1269 571 ὅπως
1286 540 1405 572 στενάξω
1419 541 1467 576 τὴν
1489 542 1642 576 συμφορὰν.
1660 542 1712 567 Καὶ
1728 541 1782 577 γὰρ

998 585 1111 619 ἀφέντες
1125 587 1149 612 οἱ
1169 586 1306 621 ἅνθρωποι
1321 586 1349 612 τὸ
1363 589 1536 623 κατατρυφᾷν
1551 589 1596 614 τοῦ
1612 589 1724 624 Κυρίου,
1738 589 1784 615 καὶ

997 631 1043 657 ἐπὶ
1062 633 1094 666 τῇ
1115 633 1208 667 εἰρήνῃ
1224 633 1272 666 τῆς
1295 632 1456 667 Ἐκκλησίας
1473 634 1674 669 εὐφραίνεσθαι,
1691 635 1784 667 οὐσίας

998 676 1073 708 τινὰς
1090 677 1286 712 τεχνολογοῦσι,
1299 679 1345 704 καὶ
1363 679 1463 713 μεγέθη
1479 680 1706 715 καταμετροῦσιν,
1721 681 1784 707 Υίὸν

998 722 1085 758 Πατρ).
1096 724 1344 758 παραμετροῦντες,
1361 725 1406 750 καὶ
1419 725 1609 760 περισσότερον
1621 726 1666 752 τοῦ
1683 727 1784 761 μέτρου

997 769 1036 803 τῷ
1054 769 1141 804 Πατρὶ
1154 769 1335 804 χαριζόμενοι.
1352 770 1399 801 Τίς
1421 771 1491 796 εἴποι
1509 771 1613 802 αὐτοῖς·
1634 772 1669 798 Τὸ
1685 773 1784 798 ἄποσον

154 810 331 844 voluptatem,
349 812 381 838 de
400 813 560 840 substantiis
582 814 674 840 nescio
691 815 790 848 quibus
816 821 944 850 argutan-
962 812 982 838 Β
995 814 1024 840 Οὐ
1041 816 1196 849 μετρεῖται·
1218 815 1248 841 ’ῖῦ
1268 816 1354 847 ἀειδὲς
1368 817 1397 842 Οὐ
1413 817 1587 852 δῠκῑμάζεται
1599 824 1605 831 ”
1621 817 1652 843 τὸ
1674 818 1785 852 ἀσώμα-

155 859 209 885 tur,
230 860 256 882 ct
278 857 477 891 magnitudines
494 858 682 891 dimetiuntur,
700 860 797 888 Filium
816 870 847 889 ex
869 871 944 890 com-

153 902 294 934 paratione
317 910 378 929 cum
403 903 482 930 Patre
502 905 661 938 metiuntur,
687 910 713 933 et
741 907 812 941 quod
839 909 946 935 excedit
967 938 971 941 v

154 955 322 979 mensuram,
341 949 411 976 Patri
429 950 590 984 largiuntur.
608 951 673 984 Quis
695 952 745 979 hoc
758 953 858 980 dixerit
871 954 938 981 illis:

154 993 230 1025 Quod
244 999 375 1027 (plantum
392 1004 445 1022 non
461 1001 513 1028 est,
534 1005 588 1023 non
606 1002 797 1031 niensuratur;
815 999 885 1033 quod
904 999 945 1026 in-

153 1046 314 1073 corporeum
339 1045 398 1073 est,
427 1050 481 1069 non
507 1043 692 1078 ponderatur;
716 1044 787 1078 quod
809 1045 942 1071 infinitum

152 1089 204 1117 est,
223 1093 276 1112 non
290 1093 463 1121 comparatur
477 1098 483 1121 ;
501 1089 573 1123 quod
588 1097 642 1116 non
656 1095 840 1124 comparatur,
857 1091 942 1126 pluris

152 1135 199 1156 aut
224 1131 337 1159 minoris
354 1133 486 1161 rationem
509 1142 562 1161 non
581 1135 698 1162 admittit
719 1145 725 1162 :
751 1136 883 1171 siquidem
910 1145 942 1164 cx

153 1183 242 1202 rerum
264 1177 333 1204 inter
357 1178 430 1212 ipsas
452 1180 656 1214 comparatione
681 1188 824 1208 excessum
844 1182 943 1217 colligi·

152 1228 223 1247 mus.
252 1220 317 1256 Ejus
342 1226 447 1255 autem,
471 1225 550 1259 cujus
576 1225 638 1253 [inis
667 1227 858 1262 comprehendi
888 1237 942 1256 non

151 1269 251 1299 potest,
278 1274 419 1294 excessum
446 1273 536 1296 mente
556 1271 713 1306 contingere
739 1280 820 1299 nemo
842 1272 945 1307 potest?

152 1310 262 1339 Memini
274 1320 323 1347 ego
336 1314 408 1341 illius
420 1315 527 1349 psalmi,
541 1324 619 1350 quem
633 1318 806 1345 succinentes
818 1325 848 1345 ac
862 1318 942 1345 simul

152 1357 267 1393 hymnos
281 1365 459 1394 personantes
475 1362 677 1397 ingrediebamu
684 1373 704 1396 r,
722 1367 835 1400 Maynus
850 1366 943 1393 Domi-

995 868 1041 886 τον
1059 861 1087 886 οὺ
1108 861 1300 895 σταθμίζεται·
1320 862 1349 887 τὸ
1360 862 1482 896 ἀόριστον
1500 864 1529 889 οὐ
1547 863 1740 898 συγκρίνεται·
1754 864 1784 889 τὸ

999 905 1035 941 μὴ
1064 907 1275 941 συγκρινόμενον
1294 908 1340 933 τοῦ
1365 908 1485 939 πλείονος
1511 909 1557 934 καὶ
1574 909 1712 941 ἐλάττονος
1735 909 1784 935 οὐκ

997 952 1151 986 ἐπιδέχεται
1162 952 1250 986 λόγον.
1274 953 1320 978 Ἐκ
1335 953 1389 988 γὰρ
1403 954 1451 989 τῆς
1468 954 1522 980 τῶν
1534 954 1701 989 πραγμάτων
1716 954 1784 990 πρὸς

998 997 1099 1032 ἄλληλα
1112 998 1291 1033 παραθέσεως
1305 999 1335 1024 τὸ
1353 999 1431 1025 πλέον
1450 999 1676 1034 ὲπιγινώσκομεν.
1698 996 1734 1026 Οῧ
1755 999 1784 1026 δὲ

996 1044 1026 1070 τὸ
1051 1045 1126 1076 τέλος
1154 1045 1282 1079 ἄληπτον,
1312 1045 1407 1071 τούτου
1433 1045 1462 1071 τὸ
1494 1045 1573 1071 πλέον
1599 1045 1787 1080 ἁνεπινόητον;

999 1090 1121 1116 ’Ἤκουσα
1140 1090 1186 1116 τοῦ
1204 1091 1407 1126 ὐποψάλματος,
1430 1091 1443 1116 ὃ
1463 1093 1539 1126 κοινῇ
1559 1091 1658 1122 πάντες
1673 1090 1784 1126 ὑμνολομ-

997 1136 1108 1170 γοῦντες
1129 1137 1259 1172 ὲπῄειμεν
1277 1145 1283 1151 ·
1312 1137 1411 1171 Μέγας
1434 1138 1540 1171 Κύριος
1558 1137 1605 1163 καὶ
1626 1138 1741 1171 μεγάλη
1763 1137 1782 1171 ἡ

998 1182 1086 1216 ἰσχὺς
1097 1183 1200 1214 αὑτοῦ,
1213 1183 1261 1209 καὶ
1276 1182 1331 1217 τῆς
1342 1183 1496 1215 συνέσεως
1515 1182 1608 1209 αὐτοῦ
1628 1184 1683 1209 οὐκ
1698 1182 1784 1209 ἔστιν

994 1227 1127 1262 ἀριθμός.
1152 1228 1183 1253 Τί
1202 1226 1248 1254 οὖν
1265 1228 1344 1254 τοῦτό
1360 1229 1451 1260 ὲστιν;
1472 1227 1634 1262 Ἀρίθμησον
1653 1227 1687 1253 τὰ
1708 1227 1784 1262 είρη-

997 1273 1076 1308 μένα,
1097 1274 1143 1299 καὶ
1165 1275 1235 1306 νοεῖς
1256 1274 1286 1300 τὸ
1313 1274 1470 1311 μυστήριον.
1494 1273 1591 1307 Μέγας
1601 1273 1718 1306 Κύριος,
1733 1273 1783 1299 οὐκ

996 1319 1056 1345 εἷπε
1069 1320 1149 1346 πόσον
1169 1320 1281 1355 μέγεθος
1298 1328 1304 1334 ·
1331 1320 1390 1346 οὐδὲ
1405 1320 1458 1355 γὰρ
1472 1318 1505 1355 ἦν
1523 1320 1633 1346 δυνατὸν
1649 1319 1734 1344 εἰπεῖν
1753 1318 1784 1345 τὸ

996 1365 1088 1397 πόσον,
1105 1365 1173 1392 ἀλλὰ
1190 1365 1228 1400 τῷ
1243 1366 1360 1401 ἀορίστῳ
1372 1366 1421 1400 τῆς
1440 1365 1576 1400 σημασίας
1598 1365 1643 1405 ἐπὶ
1657 1365 1687 1391 τὸ
1707 1364 1783 1391 ἄπει-

151 1411 200 1429 nus
217 1409 240 1430 et
258 1413 353 1438 magma
371 1406 452 1433 virtus
467 1407 542 1441 ejus;
561 1414 585 1435 el
611 1411 748 1443 sapientise
764 1411 820 1445 ejus
841 1418 942 1439 nonest
957 1411 979 1441 C
996 1421 1041 1446 ρον
1063 1412 1155 1447 ὁδηγεῖ
1168 1412 1217 1447 τὴν
1234 1412 1361 1438 διάνοιαν.
1392 1412 1517 1445 Ὁμοίως,
1533 1411 1665 1445 Μεγάλη,
1689 1411 1782 1446 φησὶν,

151 1457 274 1476 nwnerus
289 1451 321 1477 ⁵⁹.
338 1451 408 1484 Quid
429 1453 479 1479 lioc
496 1462 559 1489 ergo
575 1456 632 1482 est?
653 1456 786 1483 Euumera
797 1465 857 1491 quae
871 1458 944 1484 dicta

151 1501 226 1527 sunt,
241 1502 267 1523 et
285 1499 441 1533 mysterIum
458 1500 596 1535 intelligis.
611 1502 721 1537 Maqnus
733 1503 874 1537 Dominus,
890 1512 943 1531 non

151 1543 231 1575 dixit,
245 1550 345 1579 quauta
364 1547 398 1573 sit
412 1547 587 1581 magnitudo:
607 1557 693 1584 neque
709 1551 781 1578 enim
795 1551 851 1578 fieri
868 1556 942 1586 pote-

151 1593 193 1615 rat
214 1594 243 1615 ut
264 1591 366 1618 diceret
381 1598 498 1625 quantus
512 1599 598 1621 esset:
611 1595 655 1622 sed
669 1595 720 1622 hoe
740 1597 799 1630 ipso
815 1597 887 1631 quod
907 1598 941 1623 ita

150 1640 209 1659 eam
227 1634 361 1670 designat,
383 1641 412 1662 ut
431 1645 483 1664 non
507 1638 712 1667 circumscribat
735 1646 780 1668 aut
805 1643 940 1674 terminet,

151 1679 251 1705 sensim
278 1688 310 1707 eo
336 1687 451 1709 mentem
475 1684 607 1718 provehit,
636 1689 664 1711 ut
697 1685 857 1713 immensam
881 1695 942 1714 csse

150 1729 306 1758 cognoscat.
325 1725 386 1753 Pari
404 1728 494 1761 modo,
517 1728 625 1763 Μαῃηιι,
643 1730 739 1763 inquit,
759 1733 842 1758 virtus
860 1733 916 1767 ejus
932 1741 940 1759 .·

149 1769 275 1795 virtutem
288 1778 350 1797 vero
368 1779 428 1798 cum
448 1773 536 1804 audis,
557 1775 703 1808 potentiam
719 1776 845 1811 intellige.
863 1778 941 1803 Chri-

150 1819 208 1841 stus
226 1820 315 1842 autem
333 1816 377 1843 Dei
394 1818 513 1851 potentia
530 1824 571 1846 est
588 1824 613 1846 et
629 1819 675 1847 Dei
691 1821 833 1855 sapientia,
851 1823 897 1849 sed
915 1827 941 1850 et

996 1459 1014 1492 ἡ
1042 1458 1131 1491 ἰσχὺς
1160 1457 1274 1484 αὑτοῦ·
1308 1458 1383 1492 ἰσχὺν
1406 1457 1433 1483 δὲ
1462 1457 1652 1491 ἀκούσας,τὴν
1669 1456 1783 1490 δύναμιν

997 1504 1102 1539 νόησον.
1128 1504 1244 1540 Χριστὸς
1259 1504 1286 1530 δὲ
1309 1504 1375 1530 Θεοῦ
1400 1503 1513 1538 δύναμις
1538 1503 1584 1528 καὶ
1599 1502 1664 1529 Θεοῦ
1682 1503 1761 1537 σοφία
1774 1511 1781 1518 ·

996 1550 1062 1576 ἀλλὰ
1092 1550 1142 1584 τῆς
1181 1550 1314 1581 συνέσεως
1353 1549 1435 1576 αὑτοῦ
1466 1550 1516 1575 οὐκ
1552 1548 1624 1574 ἔστιν
1657 1549 1781 1584 ἀριθμός.

1002 1595 1162 1631 Ἑρμηνεύει
1192 1595 1241 1631 τὴν
1276 1595 1381 1622 σύνεσιν
1412 1595 1525 1627 Ἡσαΐας
1553 1595 1645 1629 σαφῶς
1675 1595 1780 1628 λέγων·

996 1640 1118 1674 Πνεῦμα
1141 1640 1251 1674 σοφίας
1272 1640 1321 1665 καὶ
1345 1639 1507 1672 συνέσεως.
1532 1640 1654 1665 ’Ήκουσα
1675 1640 1703 1665 ὲν
1727 1641 1782 1671 τοῖς

998 1688 1181 1721 μακαρισμοῖς
1213 1685 1448 1721 μακαριζομένους
1480 1685 1543 1716 τοὺς
1574 1685 1707 1719 διψῶντας
1736 1685 1782 1711 τὸν

996 1733 1108 1768 Κύριον.
1126 1732 1201 1766 Τάχα
1214 1730 1260 1758 οῦν
1281 1731 1330 1758 οὐκ
1351 1731 1402 1763 ἔξω
1420 1731 1466 1757 τοῦ
1482 1731 1577 1767 καιροῦ
1590 1732 1620 1757 τὸ
1635 1731 1760 1765 ἐνθύμιον
1775 1739 1781 1745 ·

996 1779 1041 1804 καί
1071 1787 1114 1813 μοι
1139 1778 1248 1810 δέξασθε
1273 1778 1317 1804 τὸν
1340 1778 1437 1812 λόγον,
1464 1777 1514 1804 κᾶν
1537 1777 1710 1813 ἀπηρτῆσθαι
1729 1776 1782 1802 τῶν

998 1824 1140 1859 παρόντων
1153 1825 1235 1865 δοκεῖ.

149 1862 288 1896 sapientae
306 1863 363 1898 ejus
389 1873 441 1891 non
458 1870 499 1892 est
523 1865 594 1893 finis.
615 1866 780 1902 Sapientiam
802 1869 886 1897 lsaias
903 1871 1097 1907 interpretatur
1112 1876 1203 1906 aperte
1237 1871 1340 1902 dicens,
1378 1871 1495 1905 Spiritus
1511 1872 1646 1905 sapientiae
1679 1876 1703 1897 et
1719 1878 1782 1904 pru-

149 1908 245 1934 ‹tentia›
261 1910 293 1936 ⁶⁰.
310 1911 406 1938 Audivi
423 1912 494 1939 inter
510 1913 690 1941 beatitudines
730 1923 777 1942 cos
809 1916 902 1944 beatos
932 1919 1083 1953 praedicari,
1101 1919 1147 1953 qui
1166 1920 1261 1946 sitiunt
1285 1919 1426 1946 Dominum
1441 1928 1447 1945 z
1465 1918 1596 1945 attendite
1620 1925 1683 1953 ergo
1702 1921 1781 1951 atque

149 1955 264 1989 accipite
290 1964 342 1983 non
369 1958 485 1985 alienum
511 1959 628 1987 sortasse
645 1968 659 1986 a
676 1965 806 1995 tempore,
824 1963 849 1989 id
868 1965 939 1998 quod
960 1965 1044 1992 menti
1060 1973 1126 1992 meae
1145 1973 1218 1992 nunc
1239 1965 1411 1997 observatur,
1427 1964 1532 1991 tametsi
1556 1964 1589 1991 ab
1603 1971 1635 1991 eo
1671 1963 1699 1990 in
1728 1970 1782 1998 quo

150 2008 301 2033 versamur,
314 2003 421 2030 videtur
441 2005 640 2038 quodammodo
656 2006 818 2041 dependere.

185 2070 213 2097 Si
230 2072 291 2106 quis
314 2073 364 2100 sul)
388 2075 605 2107 meridiem,solc
631 2076 715 2104 radiis
737 2077 940 2106 ardentioribus
961 2064 982 2091 D
1031 2080 1113 2110 Εἴτις
1123 2077 1167 2104 διὰ
1178 2075 1509 2113 μεσημὸρίαςὸδεύωντῡῦ
1520 2075 1595 2110 ἡλίου
1605 2073 1782 2111 θῑρμθῖὲρᾱῑς

149 2116 231 2149 capiti
271 2118 428 2145 imminente
462 2128 623 2155 omnemque
654 2124 776 2157 eorporis
802 2124 940 2152 humorem

149 2169 198 2187 sua
219 2162 327 2189 ssannna
359 2168 488 2196 torrente,
513 2167 563 2193 iter
592 2168 704 2199 haheat,
735 2170 855 2204 subjecta
878 2178 942 2198 vero

148 2208 185 2234 sit
200 2208 259 2242 ejus
276 2209 374 2236 calceis
389 2211 468 2238 tellus
484 2220 590 2246 aspera,
604 2213 647 2239 via
663 2214 779 2241 dillicilis
807 2219 833 2241 et
846 2215 941 2242 admo-

147 2254 213 2280 dum
228 2253 302 2279 arida
314 2274 321 2286 ,
344 2256 441 2282 deinde
463 2262 589 2284 occurrat
611 2258 745 2292 ejusmodi
764 2260 866 2287 homini
881 2260 941 2289 sons

151 2298 258 2332 aliquis,
272 2299 350 2332 cujus
374 2300 482 2334 limpida
499 2307 562 2328 sunt
587 2310 618 2329 ae
636 2304 774 2337 perlucida
791 2305 902 2337 fluenta,
915 2310 942 2332 et

148 2344 249 2370 affatim
267 2345 465 2379 refrigerantia,
479 2348 642 2383 copioseque
663 2350 821 2383 profluentia
841 2361 847 2377 :
867 2359 938 2378 nun-

149 2389 215 2423 quid
233 2394 295 2417 ante
310 2398 408 2426 aquam
422 2393 583 2426 considebit‚
595 2394 682 2428 deque
693 2395 753 2429 ejus
769 2401 864 2422 natura
881 2397 940 2430 plui-

147 2436 345 2471 losopliabitur‚
359 2437 439 2470 unde,
457 2442 484 2465 et
499 2446 552 2473 quo
571 2440 660 2472 modo,
677 2448 784 2476 quaque
800 2449 831 2468 ex
847 2451 940 2475 causa,

148 2487 300 2516 caeteraque
320 2483 454 2517 ejusmodi
479 2485 648 2518 perquirens,
672 2494 732 2520 quae
754 2486 787 2513 ab
813 2487 864 2515 illis
885 2492 941 2514 tra-

147 2529 216 2554 ctari
232 2529 328 2560 solent,
344 2529 388 2563 qui
406 2529 431 2555 in
447 2529 579 2563 ejusmodi
597 2531 675 2565 nugis
701 2539 879 2566 occupantur,
896 2542 941 2561 va-

153 2580 241 2607 porem
257 2574 360 2601 seilicet
372 2575 514 2609 ‹piemdam
529 2576 555 2602 iu
570 2575 712 2610 profundis
728 2582 806 2604 terrac
820 2580 941 2612 partibus

152 2619 304 2653 dispersum
335 2625 360 2647 et
395 2622 579 2655 prosilientem
615 2627 696 2656 atquc
733 2630 936 2660 compressum,

152 2670 247 2697 aquam
265 2664 332 2695 tieri,
351 2670 397 2691 aut
412 2674 505 2698 venas,
522 2675 581 2701 quae
598 2667 624 2693 in
638 2669 850 2695 concavitatibus
865 2675 942 2697 terrac

152 2709 254 2736 diffusae
268 2715 340 2742 sunt,
356 2712 378 2738 si
394 2713 432 2739 eis
448 2720 493 2739 ora
510 2714 635 2741 laxentur
649 2722 745 2749 aquam
758 2715 937 2749 profundere:

151 2762 183 2780 an
218 2763 280 2782 rere
308 2758 413 2783 cunctis
452 2758 584 2792 ejusmodi
624 2759 776 2787 valedicens
809 2761 939 2788 incumbit

203 2848 212 2861 ⁵
240 2846 311 2873 l'sal,
331 2856 419 2879 ufxtxi,
443 2849 466 2873 ζ).

996 2126 1054 2156 ταῖς
1070 2125 1160 2151 ἀκτῖσι
1174 2124 1222 2158 τῆς
1237 2123 1357 2157 κεφαλῆς
1377 2122 1564 2157 ὺπερζέοντος,
1581 2122 1626 2146 καὶ
1643 2122 1695 2147 πᾶν
1708 2121 1738 2146 τὸ
1752 2122 1781 2147 ἐν

997 2170 1102 2205 σώματι
1117 2170 1198 2204 ὑγρὸν
1212 2171 1243 2204 τῇ
1261 2169 1338 2203 φλογὶ
1355 2167 1606 2203 καταφρύσσοντος·
1627 2167 1780 2202 προκείσθω

995 2217 1023 2242 δὲ
1037 2216 1075 2250 τῷ
1097 2215 1248 2250 ὑποδήματι
1266 2215 1300 2248 γῆ
1323 2215 1436 2248 τραχεῖα
1459 2213 1505 2239 καὶ
1531 2213 1712 2248 δυσπόρευτος
1734 2214 1780 2239 καὶ

995 2260 1111 2295 διψώδης
1124 2269 1130 2275 ·
1155 2258 1213 2285 εἶτα
1235 2258 1355 2292 ἐπιτύχοι
1370 2258 1460 2293 πηγῆς
1478 2259 1492 2284 ὁ
1505 2259 1633 2290 τοιοῦτος,
1652 2256 1686 2293 ἧς
1701 2259 1780 2284 καλὸν

996 2307 1042 2332 καὶ
1057 2305 1183 2339 διαφανὲς
1199 2305 1228 2330 τὸ
1241 2305 1326 2338 νᾶμα,
1338 2304 1384 2330 καὶ
1398 2304 1540 2339 προσηνῶς
1556 2304 1720 2338 καταψύχων,
1734 2305 1780 2330 καὶ

995 2351 1117 2386 ἀφθόνως
1150 2351 1347 2385 ὑπερχεόμενον
1367 2357 1372 2363 ·
1409 2348 1462 2385 ἆρα
1493 2350 1716 2384 προσκαθεδεῖται
1741 2351 1780 2385 τῷ

996 2396 1081 2428 ὕδατι,
1098 2396 1144 2422 καὶ
1161 2395 1335 2430 φιλοσοφήσει
1357 2396 1420 2430 περὶ
1442 2395 1490 2429 τῆς
1511 2395 1627 2429 φύσεως,
1647 2396 1717 2428 ὅθεν,
1734 2396 1780 2422 καὶ

994 2442 1078 2472 ὅπως,
1092 2442 1139 2467 καὶ
1154 2441 1196 2466 διὰ
1218 2441 1300 2472 τίνος,
1316 2441 1363 2466 καὶ
1378 2440 1411 2466 τὰ
1424 2440 1534 2466 τοιαῦτα
1550 2441 1718 2472 διεξετὰζων,
1736 2438 1779 2466 οἷα

994 2486 1025 2521 δὴ
1041 2487 1098 2517 τοῖς
1114 2486 1318 2520 ματαιολογοῦσι
1337 2485 1449 2519 σύνηθες
1466 2485 1570 2519 λέγειν·
1585 2485 1625 2511 ὅτι
1643 2486 1724 2519 ίκμάς
1738 2494 1778 2516 τις

995 2532 1236 2566 ἑγκοιτεσπασμένη
1252 2531 1290 2566 τῷ
1305 2531 1380 2566 βάθει
1396 2531 1444 2565 τῆς
1459 2533 1520 2566 γῆς,
1545 2531 1589 2557 καὶ
1611 2531 1776 2565 διαπηδώσα,

995 2579 1040 2604 καὶ
1063 2578 1267 2612 συνθλιὸομένη,
1286 2578 1356 2612 ὕδωρ
1373 2577 1485 2611 γίνεται,
1511 2576 1526 2611 ἣ
1549 2577 1588 2602 ὅτι
1615 2576 1710 2610 φλέὸες
1733 2577 1779 2602 ἐκ-

995 2624 1141 2659 κεχυμέναι
1157 2626 1216 2655 ταῖς
1240 2624 1314 2650 κάτω
1334 2623 1493 2657 κοιλότησιν,
1521 2622 1599 2657 εἴπερ
1623 2623 1777 2656 ἀναστομω-

995 2670 1071 2700 θῶσι,
1088 2670 1117 2695 τὸ
1133 2670 1203 2704 ὕδωρ
1219 2669 1391 2704 προχέουσιν
1412 2669 1427 2704 ἢ
1443 2669 1530 2694 πάντα
1550 2668 1583 2694 τὰ
1596 2668 1704 2693 τοιαῦτα
1721 2667 1778 2701 χαί-

997 2724 1052 2750 ρειν
1071 2716 1153 2747 ἐάσας
1179 2715 1322 2741 ἐπικύπτει
1345 2714 1382 2749 τῷ
1406 2715 1517 2749 νάματι,
1543 2713 1589 2740 καὶ
1604 2713 1729 2748 προσθεὶς
1745 2712 1778 2738 τὰ

996 2760 1080 2794 χείλη,
1096 2760 1240 2795 θεραπεύει
1254 2760 1302 2794 την
1317 2759 1394 2794 δίψαν
1412 2759 1458 2786 καὶ
1476 2758 1606 2793 ἀναψύχει
1626 2758 1674 2793 τὴν
1691 2757 1770 2792 γλῶσ-
