1878 3036
142 161 191 187 531
756 166 783 191 S.
804 165 966 192 Gnsscoutt
986 164 1125 191 M'sstcxt
1711 168 1760 195 532

143 216 175 242 :ut
194 217 249 244 haec
270 217 389 253 impetus
407 226 420 245 a
442 223 549 251 natura,
572 221 618 248 sed
639 228 685 249 eos
705 228 867 250 convertens
892 223 925 249 ad
939 226 964 254 Α
978 222 1090 247 καθόλου
1104 222 1153 253 τὰς
1168 223 1327 258 ὲγκειμένας
1337 225 1455 258 φυσικῶς
1469 226 1533 259 ἡμῖν
1548 225 1593 250 ἐπὶ
1609 224 1762 251 τὰτοιαῦτα

143 263 187 289 illa
206 263 275 290 bona
291 264 463 299 perfruenda,
479 275 539 301 quae
557 275 572 293 a
588 269 701 294 materia
715 270 837 304 sejiiucta
850 274 924 297 sunt.

142 307 209 333 Nam
225 309 279 335 iilic
297 310 369 344 riget
382 319 450 338 verae
462 313 673 346 pulchritudinis
686 322 771 347 amor,
790 315 835 350 qui
856 323 925 342 nuu-

144 361 225 386 quam
250 356 443 390 exstinguitur.
471 357 527 385 lllic
557 359 702 388 laudabilis
727 361 803 388 adest
820 362 927 396 sapien-

142 400 186 425 tiw.
203 400 359 428 divitiarum
384 404 529 438 cupiditas,
547 410 571 432 et
588 407 748 440 praeclarum
773 415 804 433 ac
827 407 926 434 bonum

141 444 235 475 gloriae
256 446 388 477 studium,
412 448 483 482 quod
501 449 527 474 in
554 449 599 476 Dei
618 450 692 484 regni
713 451 841 477 societate
861 458 927 477 con-

141 491 271 523 sumitur,
299 492 497 528 honestumque
511 495 665 522 divinarum
681 496 823 531 epularum
854 496 927 523 desi-

142 536 260 568 derium,
283 546 342 573 quae
366 539 514 574 dogustatae
535 541 636 568 nullam
669 550 788 576 uuquam
813 542 928 569 afferunt

143 583 307 611 satietatem.
327 585 509 618 Quamobrem
526 588 572 622 qui
588 589 662 615 novit
681 590 765 616 totius
783 589 857 616 orbis
877 597 927 615 au-

144 632 246 654 ctorem
262 633 288 656 et
304 630 426 664 opificem
443 631 526 658 Deum
538 638 691 667 opportuno
699 638 818 668 tempore
829 642 927 669 corpo·

144 673 183 700 ris
201 675 300 702 molem
316 684 346 702 ac
359 685 476 703 massam
496 678 520 703 iu
538 686 612 704 arma
628 679 704 706 bonae
725 680 856 707 voluntati
873 688 928 707 suoe

144 723 219 752 grata
237 725 401 754 acceptaque
415 722 608 755 conflaturum,
629 728 655 750 ct
679 725 789 752 loricam
804 726 927 759 pistum),

145 767 174 789 ut
191 764 279 798 inquit
292 765 441 800 Apostolus
456 768 489 798 ¹⁰,
504 768 678 803 gladiumque
694 770 817 804 spiritus,
837 775 862 798 et
883 779 929 806 ga-

145 809 214 835 leam
232 811 300 844 spei,
318 815 398 846 atque
421 820 527 840 omnem
545 814 665 841 divinam
683 820 849 842 armaturam
871 825 929 851 pei·-

145 853 291 887 fecturum,
309 856 397 891 diligit
417 865 517 892 corpus
536 866 614 885 suum
630 867 662 886 ex
680 862 839 896 praescripto
851 863 926 896 legis,

145 906 227 932 quam
250 899 313 926 tulit
340 901 497 935 Apostolus,
520 911 607 935 nemo,
634 903 772 939 inquiens,
795 907 929 940 proprium
947 895 965 921 Β
980 908 1013 934 τὸ
1029 908 1136 934 ἑαυτοῦ
1149 907 1233 942 σῶμα
1244 908 1446 942 ἐμίσησεν.Τδ
1458 909 1536 944 σῶμα
1551 909 1579 935 δὲ
1594 908 1623 935 τὸ
1636 909 1772 944 κεκαθαρ-

146 952 239 978 corpus
255 946 309 972 odit
329 947 360 973 ¹¹.
386 947 486 974 Purum
506 949 588 983 igitur
607 957 638 976 ac
669 951 799 978 mundum
829 960 930 988 corpus

145 994 252 1023 oportet
266 991 388 1026 diligere,
404 1001 458 1020 non
471 999 559 1021 autem
576 996 714 1022 sordIdam
727 997 785 1031 ejus
800 998 929 1030 scoriam,

146 1043 206 1068 qum
222 1037 382 1070 repudiatur
396 1042 421 1065 et
438 1039 575 1073 abjicitur.
594 1040 691 1067 Verum
712 1046 752 1069 cst
765 1044 929 1078 enim‚quod

146 1081 268 1107 continet
282 1082 373 1109 divina
391 1083 533 1119 Scriptura
548 1086 581 1118 ¹³,
596 1094 657 1119 nos,
676 1087 697 1113 si
716 1088 856 1115 terrestris
880 1089 930 1115 do-

145 1132 208 1152 mus
237 1133 330 1154 nostra
362 1128 443 1163 liujus
468 1130 638 1158 tabernaculi
666 1132 834 1165 destruatur,
865 1138 930 1161 tunc

145 1170 233 1204 ipsam
250 1173 408 1201 inventuros
426 1175 632 1204 aedificationem
652 1185 665 1203 a
685 1177 739 1205 Deo
754 1178 865 1211 factam,
883 1180 931 1206 do—

145 1224 220 1243 mum
241 1226 294 1245 non
316 1227 396 1246 manu
418 1226 616 1254 constructam,
643 1228 773 1251 :eternam
799 1225 825 1251 iu
852 1226 930 1252 coelis

146 1263 254 1297 dignam
271 1273 331 1299 quae
362 1265 407 1292 Dei
426 1268 459 1294 sit
482 1268 648 1296 domicilium
664 1271 689 1296 in
704 1271 810 1305 spiritu.
829 1272 867 1298 Ac
887 1272 931 1298 do-

146 1317 206 1336 mus
225 1310 332 1344 quidem
350 1311 422 1339 illius
435 1321 488 1340 non
502 1315 666 1342 manufactae
681 1316 806 1350 figuram,
822 1322 848 1345 et
880 1318 929 1345 sor-

146 1361 228 1385 mam,
245 1359 271 1382 et
286 1357 438 1391 exemplum
456 1359 521 1385 milii
542 1368 622 1387 nemo
639 1361 774 1388 describat
801 1363 833 1389 ad
856 1363 930 1390 simi—

148 1399 288 1427 litudinem
306 1409 410 1435 carum,
427 1404 527 1438 quibus
547 1407 713 1439 proprietate
724 1408 928 1442 distinguimur.

146 1442 252 1469 Etenim
269 1452 328 1471 cum
347 1446 447 1474 divinis
461 1450 580 1476 oraculis
598 1458 649 1477 non
666 1452 753 1478 solum
772 1453 930 1486 praedictum

146 1489 182 1514 sit
195 1489 284 1521 nobis,
302 1499 351 1518 nos
368 1492 394 1519 in
412 1494 492 1520 vitam
517 1503 578 1522 esse
598 1497 776 1528 revocandos,
794 1504 820 1525 et
845 1507 932 1527 resur-

146 1538 388 1574 recturoslverum
412 1540 492 1566 etiam
507 1542 681 1575 promittatur
707 1544 733 1570 in
765 1545 822 1579 ipsa
839 1546 929 1572 divina
945 1561 966 1589 C

147 1579 287 1615 Scriptura
304 1591 352 1617 per
366 1585 453 1619 ipsam
469 1589 708 1620 resurrectionem,
728 1590 865 1618 iminutari
887 1596 930 1618 at-

146 1635 198 1660 que
219 1631 343 1657 renovari
359 1639 409 1658 nos
421 1636 556 1667 oportere,
574 1635 685 1662 omnino
699 1644 810 1664 neccsse
827 1642 879 1669 cst,
891 1643 929 1670 ut,

146 1673 172 1699 iu
185 1674 248 1707 quid
266 1675 425 1704 immutandi
441 1687 546 1712 sumus,
564 1681 624 1707 ideo
638 1689 750 1715 prorsus
763 1684 930 1718 ignoremus,

147 1719 218 1751 quod
236 1721 338 1747 nullum
359 1730 452 1750 corum
469 1733 528 1759 quse
553 1734 706 1761 speramus,
724 1731 877 1764 exemplum
903 1731 929 1757 in

147 1765 196 1790 bac
208 1766 261 1791 vita
278 1767 367 1795 simile
382 1776 554 1800 contuemur.
571 1773 647 1800 Nune
659 1776 742 1805 enim,
767 1783 826 1810 qum
837 1784 930 1804 crassa

145 1815 172 1835 ct
187 1811 272 1838 solida
283 1818 356 1845 sunt,
373 1820 470 1842 natura
485 1817 614 1845 deorsum
629 1819 761 1846 seruntur.
784 1820 861 1848 Tunc
882 1829 930 1848 au-

147 1860 199 1882 tem
225 1857 263 1883 sic
289 1859 514 1894 immutabuntur,
533 1868 560 1890 ut
585 1872 694 1892 sursum
723 1867 844 1894 tendant.
876 1867 930 1895 Nos

146 1903 228 1935 enisu,
244 1908 273 1930 ut
286 1906 416 1940 scriptum
440 1913 491 1939 est,
509 1914 685 1945 posteaquam
715 1917 812 1939 natura
829 1920 876 1947 pcr
893 1921 931 1941 re-

146 1950 344 1978 surrectionem
357 1952 383 1978 in
399 1954 525 1982 omnibus
540 1956 566 1981 in
585 1957 667 1982 vitam
685 1959 819 1986 revocatis
849 1959 931 1987 suerit

146 2000 328 2024 commutata:
349 1999 493 2033 Rnpiemur
514 2002 539 2027 iu
562 2002 673 2029 nubibus
689 2004 790 2031 obviam
814 2005 926 2032 Domino

146 2042 172 2066 in
192 2050 255 2068 aera
272 2048 350 2078 alque
379 2046 416 2071 ita
442 2055 542 2080 semper
569 2056 625 2074 cum
650 2049 763 2075 Domino
788 2051 927 2078 erimusffl,

147 2086 175 2112 Si
196 2087 278 2121 igitur
292 2090 338 2124 qui
359 2091 548 2126 immutantur,
561 2095 685 2128 corporis
701 2096 806 2129 pondus
819 2105 872 2123 nou
885 2104 923 2123 re-

147 2133 245 2166 tinent,
257 2135 302 2161 sed
310 2135 470 2164 diviniorem
483 2138 509 2164 in
525 2143 625 2167 statum
642 2141 768 2167 translati
781 2141 929 2168 simulcum

147 2184 243 2206 natura
260 2181 419 2216 incorporea
436 2184 462 2210 in
477 2185 588 2211 sublimi
605 2191 765 2219 versantur;
781 2187 859 2221 plane
869 2195 931 2214 con-

977 267 1075 301 ὁρμὰς,
1092 267 1159 293 ἀλλὰ
1176 269 1243 303 πρὸς
1263 269 1311 303 τὴν
1329 270 1408 296 ἄϋλον
1425 270 1478 296 τῶν
1497 270 1605 304 ἀγαθῶν
1621 271 1762 306 μετουσίαν

980 313 1196 347 μεταποιήσασα.
1222 315 1294 341 Ἐκεῖ
1316 315 1369 349 γάρ
1384 317 1398 341 ὁ
1412 315 1481 350 ἔρως
1494 315 1540 341 τοῦ
1560 315 1684 349 ἀληθινοῦ
1700 315 1759 341 κάλ-

977 358 1049 390 λους,
1067 359 1080 384 ὁ
1101 359 1255 391 ἄπαυστος·
1280 361 1338 386 ἐκεῖ
1357 362 1373 395 ὴ
1395 361 1522 395 ἐπαινετὴ
1532 360 1584 386 τῶν
1598 361 1647 394 τῆς
1669 360 1763 394 σοφίας

978 403 1120 438 θησαυρῶν
1139 404 1286 437 πλεονεξία,
1299 407 1345 432 καὶ
1357 407 1373 440 ἡ
1390 406 1458 441 καλή
1473 414 1501 431 τε
1510 406 1556 431 καὶ
1565 405 1757 440 ἀγαθὴφιλοδοι

978 448 1022 481 ξία
1037 449 1053 483 ἡ
1071 450 1103 483 τῇ
1121 449 1247 484 κοινωνίᾳ
1258 452 1307 484 τῆς
1320 451 1368 476 τοῦ
1381 451 1446 477 Θεοῦ
1464 451 1600 485 βασιλείας
1616 451 1763 485 κατορθου-

980 493 1057 528 μένη,
1078 495 1122 520 καὶ
1136 494 1166 520 τὸ
1182 495 1261 521 καλὸν
1277 496 1361 527 πάθος
1384 497 1432 531 τῆς
1452 496 1613 528 ἀπληστίας,
1638 496 1764 522 οὐδέποτε

979 540 1051 574 κόρῳ
1064 540 1117 566 τῶν
1130 541 1334 576 ὑπερκειμένων
1351 541 1418 576 πρὸς
1433 542 1478 568 τὸν
1499 542 1599 575 ἀγαθὸν
1613 542 1694 568 πόθον
1705 543 1764 568 ἑπι-

979 586 1152 620 κοπτόμενον.
1161 587 1263 613 Οὖκοῦν
1274 587 1376 621 μαθὼν,
1388 588 1427 613 ὅτι
1441 588 1495 618 τοῖς
1504 587 1651 622 καθήκουσι
1661 587 1766 622 χρόνοις

979 632 992 657 ὁ
1013 631 1059 657 τοῦ
1081 632 1180 663 παντὸς
1201 633 1325 667 τεχνίτης
1347 633 1395 667 τὴν
1421 633 1468 659 τοῦ
1488 633 1611 667 σώματος
1629 633 1712 667 βῶλον
1727 634 1764 664 είς

979 677 1058 703 ὅπλον
1068 678 1221 712 εὐδοκιμίας
1232 678 1453 713 μεταχαλκεύσει,
1461 678 1572 713 θώρακα
1583 678 1765 712 δικαιοσύνης,

980 723 1069 754 καθώς
1082 733 1162 759 φησιν
1179 726 1191 750 ὁ
1205 725 1376 757 Ἀπόστολος,
1391 725 1436 750 καὶ
1454 725 1587 759 μάχαιραν
1602 724 1766 759 πνεύματος,

980 770 1025 795 καὶ
1043 771 1256 805 περικεφαλαίαν
1274 771 1389 803 ἐλπίδος,
1410 771 1457 797 καὶ
1478 772 1565 797 πᾶσαν
1580 771 1628 805 τὴν
1642 771 1687 796 τοῦ
1699 770 1766 797 Θεοῦ

981 816 1128 842 πανοπλίαν
1160 817 1408 852 κατεργασάμενος,
1437 817 1532 851 ἀγαπᾷ
1557 817 1587 842 τὸ
1603 817 1667 843 ἴδιον
1689 817 1765 851 σῶμα

981 861 1049 887 κατὰ
1058 861 1101 887 τον
1114 861 1160 887 τοῦ
1178 862 1337 888 Ἀποστόλου
1351 863 1441 897 νόμον,
1454 863 1483 894 ὅς
1494 871 1585 897 φησιν,
1606 863 1645 889 ὅτι
1665 863 1766 895 Οὐδείς

983 952 1062 986 μένον
1075 953 1232 986 ἀγαπᾶσθαι
1257 953 1319 988 χρὴ,
1340 954 1369 979 οὐ
1392 954 1441 988 τὴν
1462 953 1680 988 ἁποποιουμὲνην
1699 962 1766 979 σκω-

983 996 1051 1029 ρίαν.
1078 996 1187 1031 Ἀληθὲς
1202 997 1256 1032 γάρ
1273 1006 1365 1032 φησιν,
1379 997 1415 1029 ὡς
1431 1007 1512 1033 φησιν
1523 999 1540 1033 ἡ
1557 998 1615 1024 θεία
1630 997 1715 1031 φωνὴ,
1727 998 1767 1023 ὅτι

982 1041 1058 1075 ἑάνὴ
1085 1042 1203 1075 ἐπίγειος
1222 1042 1300 1076 ἡμῶν
1321 1043 1394 1069 οἰκία
1422 1043 1467 1069 τοῦ
1492 1043 1606 1076 σκήνους
1620 1042 1768 1077 καταλυθῇ,

981 1085 1040 1111 τότε
1058 1085 1143 1120 αὐτὴν
1158 1086 1311 1120 εὑρήσομεν
1322 1087 1465 1122 οἰκοδομὴν
1480 1088 1511 1113 ἐκ
1526 1086 1592 1113 Θεοῦ
1615 1086 1765 1122 γενομένην

981 1132 1067 1158 οἰκίαν
1079 1132 1293 1167 ἀχειροποίητον,
1308 1133 1416 1160 αἰώνιον
1429 1133 1457 1159 ἐν
1473 1134 1528 1164 τοῖς
1542 1133 1675 1168 οὐρανοῖς,
1691 1132 1768 1164 ἀξίαν

980 1177 1027 1203 τοῦ
1045 1175 1113 1203 εἶναι
1123 1178 1205 1212 αὐτὴν
1216 1178 1282 1204 Θεοῦ
1295 1179 1501 1214 κατοικητήριον
1517 1179 1544 1205 ὲν
1557 1179 1700 1214 πνεύματι.
1713 1178 1768 1205 Καί

983 1232 1026 1257 μοι
1041 1223 1134 1257 μηδεὶς
1151 1224 1376 1258 χαρακτῆρα,καὶ
1386 1224 1489 1258 σχῆμα,
1505 1224 1550 1250 καὶ
1563 1222 1631 1255 εἶδος
1648 1224 1768 1258 ὑπογρα-

982 1269 1055 1302 φέτω
1069 1269 1116 1303 τῆς
1133 1269 1338 1305 ἁχειροποιὴτου
1360 1270 1465 1305 ἐκείνης
1482 1270 1579 1301 οἰκίας,
1604 1270 1665 1296 καθ’
1681 1269 1768 1304 ὁμοιό-

981 1322 1049 1349 τητα
1070 1315 1122 1341 τῶν
1150 1315 1196 1341 νῦν
1226 1316 1441 1350 ἐπιφαινομένων
1474 1317 1538 1351 ἡμῖν
1565 1316 1746 1351 χαρακτήρων
1762 1335 1768 1346 .

982 1361 1028 1387 καὶ
1044 1361 1233 1396 διακρινόντων
1256 1363 1330 1396 ἡμᾶς
1344 1362 1390 1387 ἀπ’
1405 1362 1525 1397 ἀλλήλων
1539 1363 1595 1393 τοῖς
1617 1360 1769 1397 ίδιώμασιν.

983 1406 1019 1432 Οὐ
1032 1406 1085 1441 γὰρ
1103 1407 1185 1442 μόνης
1200 1408 1249 1442 τῆς
1264 1408 1436 1439 ἀναστάσεως
1458 1409 1522 1442 ἡμῖν
1539 1409 1612 1443 παρὰ
1628 1408 1681 1434 τῶν
1693 1408 1769 1434 θείων

982 1453 1079 1487 λογίων
1103 1454 1322 1489 κεκηρυγμένης,
1345 1454 1411 1480 ἀλλὰ
1436 1455 1482 1480 καὶ
1503 1454 1534 1480 τὸ
1554 1454 1608 1480 δεῖν
1623 1454 1770 1488 ἀλλαγῆναι

982 1499 1045 1530 τοὺς
1061 1499 1300 1530 ἀνακαινισθέντας
1318 1499 1362 1525 διὰ
1375 1500 1424 1532 τῆς
1439 1499 1622 1533 ἀναστάσεως,
1636 1499 1684 1532 τῆς
1699 1498 1770 1529 θείας

983 1545 1184 1580 διεγγύωμένης
1193 1545 1314 1579 Γραφῆς,
1335 1545 1440 1579 ἀνάγκη
1452 1545 1526 1571 πᾶσα
1536 1544 1687 1580 κεκρύφθαι
1702 1553 1770 1570 παν-

982 1591 1083 1617 τάπασι
1108 1591 1154 1616 καὶ
1176 1591 1330 1624 ἀγνοεῖσθαι
1347 1590 1414 1625 πρὸς
1429 1591 1442 1616 ὅ
1458 1599 1484 1616 τι
1499 1590 1717 1625 ἀλλαγησόμεθα,
1733 1590 1770 1624 τῷ

985 1637 1067 1671 μηδὲν
1078 1637 1228 1672 ὑπόδειγμα
1236 1637 1289 1663 τῶν
1305 1637 1487 1671 ἐλπιζομένων
1502 1638 1529 1663 ἐν
1540 1636 1577 1672 τῷ
1593 1636 1639 1663 νῦν
1654 1637 1767 1671 καθορᾶ-

983 1684 1044 1710 σθαι
1058 1683 1116 1718 βίῳ.
1135 1683 1191 1709 Νῦν
1209 1684 1257 1718 μὲν
1272 1683 1326 1718 γὰρ
1341 1685 1393 1709 πᾶν
1409 1684 1438 1709 τὸ
1452 1683 1525 1718 παχὺ
1538 1683 1584 1709 καὶ
1600 1683 1770 1718 στερέμνιον,

982 1731 1014 1756 ὲκ
1031 1731 1136 1764 φύσεως
1150 1729 1206 1764 ἔχει
1223 1729 1271 1764 τὴν
1284 1730 1329 1755 ἐπὶ
1342 1730 1372 1756 τὸ
1383 1730 1456 1756 κάτω
1471 1729 1566 1764 φοράν.
1583 1729 1648 1755 Τότε
1663 1729 1690 1755 δὲ
1704 1729 1770 1762 πρὸς

981 1776 1010 1802 τὸ
1029 1775 1167 1810 ἀνωφερὲς
1193 1776 1209 1810 ἡ
1235 1775 1411 1810 μεταποίησις
1436 1776 1482 1801 τοῦ
1510 1774 1633 1810 σώματος
1656 1775 1770 1809 γίνεται,

981 1821 1066 1852 οὕτως
1077 1821 1197 1852 εἰπόντος
1214 1822 1260 1847 τοῦ
1278 1821 1366 1855 λόγου,
1383 1822 1423 1847 ὅτι
1443 1820 1512 1855 μετὰ
1526 1821 1555 1847 τὸ
1565 1821 1712 1856 ἀλλαγῆναι
1723 1821 1771 1856 τὴν

982 1868 1072 1902 φύσιν,
1094 1868 1123 1894 ἐν
1141 1868 1207 1894 πᾶσι
1232 1869 1286 1898 τοῖς
1322 1867 1518 1894 ἀναὸεὸιωκόσι
1530 1867 1574 1893 διὰ
1587 1867 1636 1902 τῆς
1653 1867 1770 1894 ἀναστά-

1099 1913 1338 1948 Ἀρπαγησόμεθα
1352 1914 1386 1940 ἐν
1396 1915 1535 1947 νεφέλαις
1548 1915 1589 1946 εἷς
1602 1913 1770 1947 ἀπάντησιν

982 1960 1033 1986 τοῦ
1050 1961 1160 1994 Κυρίου
1175 1961 1217 1992 εἷς
1231 1959 1313 1994 ἀέρα·
1330 1960 1378 1986 καὶ
1396 1959 1471 1985 οὕτω
1487 1960 1614 1986 πάντοτε
1630 1959 1690 1987 σὺν
1715 1961 1770 1986 Κυ-

983 1923 1060 1945 σεως,

977 2006 1032 2039 pla)
1044 2006 1183 2040 ἐσόμεθα.
1200 2006 1232 2032 Εἰ
1248 2006 1338 2031 τοίνυν
1365 2006 1411 2031 ἐπὶ
1426 2005 1479 2031 τῶν
1495 2005 1665 2039 ἀλλαγὲντων
1680 2005 1709 2031 τὺ
1724 2005 1770 2040 βά-

982 2060 1028 2086 ρος
1046 2051 1075 2077 οὐ
1091 2051 1241 2087 παραμένει
1257 2051 1295 2086 τῷ
1324 2051 1438 2086 σώματι,
1454 2050 1520 2076 ἀλλὰ
1541 2059 1769 2086 συμμετεωροττο-

983 2097 1057 2132 ροῦσι
1084 2099 1117 2132 τῇ
1143 2097 1280 2132 ἀσωμάτῳ
1308 2097 1386 2131 φύσει
1406 2098 1430 2122 οί
1462 2096 1528 2131 πρὸς
1561 2096 1608 2131 τὴν
1631 2095 1769 2130 θειοτέραν

982 2143 1268 2178 μεταστοιχειωθέντες
1298 2143 1472 2169 κατάστασιν·
1489 2142 1596 2173 πάντως
1616 2142 1656 2167 ὅτι
1675 2142 1769 2168 καὶτὰ

981 2188 1059 2214 λοιπὰ
1072 2188 1124 2214 τῶν
1138 2189 1287 2222 ἰδιωμάτων
1302 2188 1348 2214 τοῦ
1363 2188 1496 2221 σώματος,
1512 2187 1579 2222 πρός
1594 2196 1620 2213 τι
1634 2187 1687 2213 τῶν
1700 2187 1770 2214 θειο-

148 2229 308 2253 sentaneum
324 2232 376 2260 est,
395 2233 424 2255 ut
439 2229 522 2261 color,
539 2231 635 2265 figura,
655 2231 885 2267 circumscriptio,
904 2238 931 2260 ct
948 2236 968 2262 D
983 2233 1068 2267 τέρων
1085 2232 1321 2267 συμμετατίθεται,
1338 2233 1367 2258 τὸ
1381 2232 1488 2266 χρῶμα,
1506 2232 1535 2257 τὸ
1551 2232 1651 2267 σχῆμα,
1663 2233 1680 2266 ἡ
1693 2241 1769 2267 περι-

146 2271 258 2307 reliqum
280 2274 405 2307 corpor-Is
420 2275 600 2309 proprietates
620 2276 710 2308 aliqua
735 2277 841 2303 ratione
864 2277 932 2304 ‹livi-

147 2318 220 2344 nitus
246 2324 457 2346 commutentur.
485 2320 588 2347 idcirco
604 2322 710 2348 tametsi
738 2322 861 2350 videmus
877 2331 930 2349 non

146 2371 206 2390 csse
221 2365 417 2396 necessarium,
437 2370 465 2391 ut
481 2365 508 2392 in
535 2366 578 2397 iis,
594 2366 640 2400 qui
658 2368 860 2394 resurrectione
878 2369 929 2394 im-

146 2409 336 2443 mutabuntur,
364 2411 417 2437 ulla
447 2411 581 2445 ejusmodi
611 2416 739 2446 appareat
768 2413 929 2446 differentia,

146 2456 252 2489 qualem
277 2461 386 2491 propter
406 2465 511 2489 corum,
534 2458 580 2491 qui
605 2459 766 2490 succedunt,
795 2459 927 2491 ordinem,

147 2503 303 2529 necessario
321 2507 418 2530 natura
439 2511 512 2530 nunc
529 2504 619 2537 babet,
637 2512 689 2531 uon
719 2508 808 2531 tamen
833 2513 929 2539 possu-

147 2556 207 2575 mus
222 2549 358 2582 explic-are
373 2549 466 2584 quales
482 2550 565 2576 futuri
581 2550 674 2576 sintin
704 2550 749 2576 illa
779 2555 928 2576 commuta-

146 2593 228 2619 tione.
248 2593 335 2620 Unum
352 2595 460 2628 quidem
476 2594 533 2621 sore
547 2595 667 2621 omnium
682 2602 777 2629 genus,
791 2602 927 2629 unumque

146 2637 247 2664 Christi
275 2646 374 2672 corpus
391 2639 497 2666 futuros
514 2647 618 2671 omncs,
647 2643 727 2673 atque
745 2647 825 2665 unam
843 2641 930 2665 omni-

148 2682 198 2708 bus
235 2682 349 2709 formam
383 2685 600 2718 imprimendam,
639 2685 730 2710 diviua
764 2685 791 2711 in
822 2685 930 2711 cunctis

149 2728 265 2762 imagine
279 2730 418 2763 :equaliter
437 2731 569 2764 elucente,
585 2739 637 2757 non
655 2730 826 2765 ambigimus
838 2731 929 2765 idque,

148 2774 219 2808 quod
237 2775 330 2801 talium
347 2777 540 2811 proprietatum
561 2778 619 2804 loco
650 2778 677 2803 in
704 2781 807 2803 naturae
839 2777 932 2803 immu-

186 2868 205 2882 m
224 2868 320 2903 Iiplzcs.
344 2878 378 2899 vi,
396 2870 428 2895 13
444 2879 503 2904 sqq.
543 2871 562 2885 ¹⁸
579 2871 677 2905 prcs.
695 2881 719 2904 v,
734 2872 777 2899 29.

818 2873 839 2887 ¹²
855 2872 874 2899 lt
889 2873 949 2900 Cor.
963 2881 989 2906 v,
1008 2873 1031 2899 t.

982 2278 1084 2312 γραψὴ,
1118 2278 1165 2304 καὶ
1190 2278 1223 2304 τὰ
1247 2278 1307 2304 καθ’
1324 2278 1438 2304 ἕκαστον
1458 2278 1557 2304 πάντα.
1573 2277 1674 2303 Τούτου
1689 2277 1768 2313 χάριν

980 2323 1108 2356 οὐδεμίαν
1123 2323 1245 2358 ἀνάγκην
1254 2323 1360 2358 ὁρῶμεν
1377 2325 1431 2355 τοῖς
1443 2323 1580 2357 ἁλλαγεῖσι
1592 2323 1634 2349 διὰ
1644 2323 1692 2358 τῆς
1704 2323 1769 2349 ἀνα-

981 2369 1099 2399 στάσεως
1114 2369 1305 2404 ἐνθεωρεῖσθαι
1317 2370 1364 2404 τὴν
1381 2370 1507 2404 τοιαύτην
1518 2369 1659 2404 διαφορὰν,
1670 2370 1702 2404 ἢν
1721 2368 1768 2396 νῦν

979 2414 1022 2439 διὰ
1053 2414 1102 2449 τὴν
1123 2414 1177 2440 τῶν
1209 2415 1405 2449 ἐπιγινομένων
1431 2414 1588 2441 ἀκολουθίαν
1613 2413 1768 2447 ἀναγκαίως

983 2459 1060 2494 ἔσχεν
1078 2460 1093 2494 ἠ
1106 2459 1195 2493 φύσις.
1214 2460 1281 2486 Οὔτε
1299 2462 1361 2496 μὴν,
1376 2461 1416 2486 ὅτι
1429 2461 1478 2487 οὐκ
1490 2461 1574 2491 ἔσται,
1591 2459 1681 2493 σαφῶς
1696 2459 1767 2484 ἔστιν

983 2505 1180 2539 ἀποφήνασθαι,
1197 2506 1363 2539 ἀγνοούντων
1385 2506 1463 2541 ἡμῶν
1478 2507 1516 2537 εἰς
1540 2506 1553 2531 ὅ
1578 2514 1603 2530 τι
1622 2504 1705 2530 ταῦτα
1724 2503 1768 2530 διὰ

981 2551 1030 2584 τῆς
1042 2550 1159 2585 ἀλλαγῆς
1173 2552 1365 2586 μεταὸἠσεται.
1396 2552 1466 2577 Ἀλλ’
1483 2553 1522 2578 ὅτι
1537 2551 1585 2585 μὲν
1599 2550 1675 2584 γένος
1691 2550 1767 2575 ἕσται

981 2597 1033 2622 τῶν
1054 2597 1161 2623 πάντων
1182 2598 1220 2628 ἒν,
1249 2599 1311 2624 ὅταν
1346 2598 1374 2624 ἓν
1401 2598 1477 2632 σῶμα
1499 2597 1615 2632 Χριστοῦ
1630 2597 1653 2623 οἱ
1670 2596 1767 2627 πάντες

980 2643 1132 2676 γενώμεθα,
1145 2643 1182 2678 τῷ
1197 2644 1236 2669 ἑνὶ
1250 2645 1403 2678 χαρακτῆρι
1418 2643 1637 2678 μεμορφωμένοι,
1651 2642 1699 2667 οὐκ
1713 2642 1766 2676 ἀμ-

981 2688 1154 2722 φιθάλλομεν,
1169 2690 1235 2715 πᾶσι
1247 2689 1317 2715 κατὰ
1333 2689 1363 2714 τὸ
1372 2689 1427 2714 ἴσον
1437 2690 1485 2722 τῆς
1501 2687 1573 2718 θείας
1590 2687 1691 2717 εἰκόνος
1706 2686 1765 2711 ἐπι-

980 2733 1087 2768 λαμπού
1094 2742 1150 2768 της.
1165 2735 1196 2760 Τί
1210 2735 1236 2760 δὲ
1247 2736 1313 2769 ἡμῖν
1333 2735 1392 2761 ἀντὶ
1407 2734 1460 2760 τῶν
1474 2732 1599 2759 τοιούτων
1614 2731 1766 2766 ἰδιωμάτων

982 2780 1009 2804 ἐν
1024 2780 1056 2813 τῇ
1074 2779 1176 2814 ἀλλαγῇ
1200 2779 1249 2814 τῆς
1264 2780 1369 2814 φύσεως
1391 2779 1613 2815 προσγενήσεται.
1645 2778 1765 2812 κρεῖττον

1074 2873 1093 2888 ¹³
1110 2872 1116 2897 l
1136 2871 1232 2898 Thess
1249 2879 1285 2904 iv,
1318 2870 1360 2896 ¹6.
