1878 3036
102 149 171 177 1007

725 146 751 172 S.
776 146 936 173 (tnticontt
965 146 985 172 N
992 146 1109 174 'i'SSt-:M

1663 157 1730 185 1⁷33ss

101 212 165 238 addi
196 209 230 237 ad
257 216 288 236 ca
320 216 379 243 quse
409 207 538 234 dixissem
558 205 732 241 probationes
757 207 888 241 quasdam
906 210 927 237 Λ
944 208 1036 239 πίνων,
1054 208 1210 242 ἀπελογεῖτο
1231 211 1285 242 τοῖς
1304 211 1488 245 ὀνειδίζουσιν,
1515 214 1552 246 ὡς
1575 216 1646 243 κατὰ
1671 218 1728 252 φιλ-

103 264 201 291 passus
213 260 265 283 est.
283 253 365 281 Sexta
379 254 434 288 jam
446 254 512 280 liora
526 254 704 288 praeterierat,
718 257 745 280 et
762 253 887 279 balneum

102 303 242 337 eleganter
257 302 421 328 instructum
436 303 505 331 erat,
527 305 553 326 et
568 300 751 334 apparabatur
765 298 887 333 epulum,

101 353 128 375 ct
142 349 200 382 ipsa
213 347 271 375 dies
283 347 431 373 Sabbatum
447 350 516 377 erat,
530 350 556 372 et
566 349 717 380 martyrum
731 345 886 372 celebratio.

101 393 164 420 llaec
180 400 290 419 rursum
303 391 370 417 mibi
384 391 455 422 vide,
471 399 524 425 quo
537 397 617 426 pacto
631 391 784 426 discipulus
800 392 888 417 Evan-

101 438 162 473 gelii
178 437 322 464 Dominum
336 436 475 471 Evangelii
493 438 626 466 imitetur.
642 437 708 465 Nam
721 438 765 465 hic
777 438 886 472 quidem

100 491 161 511 cum
178 483 330 517 publicanis
344 490 375 509 ac
390 484 581 517 peecatoribus
595 484 752 516 comedens,
769 485 809 511 sic
827 492 887 510 sese

99 529 232 564 purgabat
252 528 285 555 ad
304 529 376 560 illos,
395 530 441 564 qui
460 530 511 557 boc
534 530 557 556 ei
583 530 643 558 loco
666 531 757 565 probri
782 530 886 565 objice-

98 578 176 604 rent,
200 577 229 599 ut
251 573 354 600 diceret
383 574 408 600 id
431 582 461 601 se
482 582 514 601 cx
541 575 658 609 benigno
681 575 798 610 quodam
821 583 885 609 erga

98 619 225 646 homines
241 619 331 646 studio
352 620 452 647 facere.
471 620 502 646 At
519 620 562 648 inc
578 621 676 655 piaculi
693 621 752 647 loco
767 621 840 647 ducit
859 626 885 647 et

99 666 297 700 inquinamenti
316 666 447 694 adbibere
469 675 518 694 nos
537 675 636 694 mensae
654 675 710 694 sua}
729 672 791 702 post
809 667 885 694 desa-

97 713 254 748 tigationem
279 713 353 739 illam
382 718 470 739 ortam
492 721 521 740 cx
553 713 674 740 itinere:
697 718 755 748 post
779 718 883 740 tantum

96 763 211 790 aestum,
240 759 267 785 in
295 766 350 792 quo
376 759 528 786 assidentes
551 760 637 794 ipsius
654 760 685 786 ad
706 760 808 786 ostium
832 760 883 786 sub

95 805 141 832 dio
153 805 324 832 terrebamur
342 814 347 830 :
365 805 544 839 posttris‘wm
567 805 639 831 illam
655 805 882 836 taciturnitatem,

95 858 176 885 quam
195 850 298 884 experti
312 858 434 881 eramus,
453 855 631 885 posteaquam
658 850 684 876 in
706 855 882 885 conspectum

942 254 1099 288 ανθρωπίαν
1133 254 1211 281 τοῦτο
1238 256 1332 283 ποιῶν.
1371 258 1399 284 '0
1428 259 1455 285 δὲ
1478 259 1543 294 ἄγος
1571 262 1658 296 κρίνει.
1683 263 1727 290 καὶ

943 301 1065 334 μίασμα,
1095 301 1144 335 τὴν
1172 302 1218 328 ἐπὶ
1242 304 1381 339 τραπέζης
1411 306 1561 340 κοινωνίαν,
1590 308 1658 342 μετὰ
1683 309 1728 335 τὸν

941 346 1023 371 κὸπον
1049 348 1168 379 ἐκεῖνον,
1194 348 1222 374 ὃν
1248 350 1279 375 ἐκ
1306 349 1355 384 τῆς
1384 351 1536 387 ὁδοιπορίας
1562 353 1726 389 ὑπέστημεν·

941 392 1009 426 μετὰ
1031 392 1061 418 τὸ
1090 393 1190 425 θάλπος
1213 394 1242 420 τὸ
1263 395 1397 429 τοσοῦ-τον,
1422 397 1449 422 ὲν
1467 394 1488 430 ᾧ
1515 398 1650 434 ὑπαίθριοι
1669 402 1729 431 ταῖς

940 438 1035 473 θύραις
1052 439 1134 465 αὐτοῦ
1153 440 1400 476 προσκαθεζόμενοι
1417 443 1644 479 κατεφρύγημεν·
1660 446 1729 480 μετὰ

938 483 987 518 τὴν
1005 484 1168 520 σκυθρωπὴν
1190 487 1296 521 ἐκείνην
1313 489 1471 523 κατήφειαν,
1487 490 1520 524 ἣν
1538 491 1565 516 ἐν
1579 490 1727 526 ὀφθαλμοῖς

938 529 1018 556 αὐτοῦ
1036 531 1176 564 γεγονότες
1198 532 1361 568 ἀνέτλημεν·
1373 535 1417 560 καὶ
1436 536 1628 570 ἀποπέμπεται
1654 538 1728 572 ἡμᾶς

938 576 1017 602 πάλιν
1043 577 1087 603 ἐπὶ
1111 578 1140 603 τὸ
1162 578 1227 604 αὐτὸ
1249 579 1395 615 διάστημα,
1418 581 1460 607 διὰ
1482 583 1531 617 τῆς
1553 583 1637 618 αὐτῆς
1654 584 1725 615 ὀδοῦ,

936 623 1176 658 ταλαιπωροῦντας
1209 625 1237 650 ἐν
1254 625 1421 653 ἐκλελοιπότι
1444 627 1492 663 ἤδη
1509 629 1555 654 καὶ
1571 638 1726 656 καταπεπο-

937 669 1044 703 νημένῳ
1067 668 1105 704 τῷ
1133 669 1254 704 stopa-tt·
1281 671 1350 697 ὥστε
1366 673 1440 707 μόλις
1459 674 1532 709 ἡμᾶς
1555 676 1617 710 περὶ
1638 676 1725 711 δείλην

936 714 1014 747 ὀψίαν
1030 714 1112 740 πολλὰ
1126 715 1168 740 διὰ
1188 717 1272 750 μέσου
1297 717 1543 753 κακοπαθήσαντας
1563 721 1725 747 mmmm

934 759 982 794 τὴν
995 760 1126 787 συνοδίαν.
1140 762 1194 787 Καὶ
1208 762 1261 798 γάρ
1277 771 1302 788 τι
1319 764 1366 789 καὶ
1376 763 1454 798 νέφος
1468 765 1499 791 ἐκ
1512 766 1640 798 λαίλαπος
1655 767 1725 793 κατὰ

934 804 964 830 τὸ
982 804 1077 839 ἀθρόον
1091 806 1119 831 ἐν
1134 805 1172 840 τῷ
1190 806 1249 842 ἀέρι
1266 808 1419 842 γενόμενον,
1445 810 1533 836 αὐτῶν
1546 811 1600 837 τῶν
1621 812 1725 846 μυελῶν

935 852 1007 885 ἡμᾶς
1023 851 1114 888 λὰῧρῳ
1130 853 1167 888 τῷ
1187 853 1280 889 ὅμῦρῳ
1296 854 1431 883 καθίκετο.
1455 856 1654 892 ’Λπαράσκευοι
1670 859 1724 894 γὰρ

93 898 154 932 ejus
172 905 344 925 veneramus.
360 897 494 924 Nimirum
511 905 561 924 nos
577 905 673 925 rursus
685 897 718 924 ad
736 897 806 924 idem
819 905 881 932 spa·
898 890 918 916 B
934 894 1003 931 ἦμεν
1020 897 1062 924 διὰ
1075 899 1104 924 τὸ
1125 899 1292 933 ὑπερδάλλον
1310 900 1420 932 θάλπος,
1440 901 1477 933 ὼς
1498 902 1565 937 πρὸς
1581 903 1658 928 ὑετοῦ
1674 911 1724 936 φυ-

94 944 160 970 tinm
184 943 366 971 emetiendum
393 943 523 975 dimittit,
545 948 573 970 ut
601 951 649 978 per
672 943 794 970 eamdem
810 943 881 970 viam

93 993 201 1016 nosmet
224 988 418 1023 affligeremus,
436 996 552 1023 corpore
568 989 624 1024 jam
639 988 746 1016 desecto
762 992 788 1016 et
804 989 880 1016 labo-

93 1036 171 1062 ribus
196 1041 344 1062 macerato.
365 1035 423 1067 Quo
448 1036 565 1066 sactum,
593 1039 622 1062 ut
646 1035 690 1062 vix
714 1036 765 1063 sub
788 1043 879 1062 serum

91 1082 192 1109 multas
207 1081 298 1109 medio
312 1081 340 1108 in
358 1082 454 1109 itinere
471 1081 593 1116 perpessi
614 1089 751 1108 aernmnas
765 1082 879 1109 comites

92 1133 202 1156 nostros
221 1136 444 1163 assequeremur.
469 1128 534 1154 Nam
554 1133 580 1154 et
596 1128 684 1155 nubes
702 1128 827 1162 quaedam
845 1136 877 1154 cx

90 1174 199 1201 turbine
214 1174 305 1201 subito
320 1174 347 1200 in
363 1181 426 1201 aere
437 1179 507 1207 orta,
521 1174 634 1208 copioso
649 1173 736 1200 imbre
751 1174 785 1200 ad
803 1174 878 1208 ipsas

90 1227 178 1254 usque
197 1219 331 1247 medullas
356 1224 467 1247 nostras
484 1220 654 1255 penetrabat.
674 1219 783 1246 Etenim
800 1224 878 1254 tegu-

90 1266 190 1293 mentis
203 1265 237 1292 ob
253 1266 392 1300 ingentem
409 1270 504 1293 aestum
529 1266 659 1292 instructi
682 1273 736 1292 non
756 1273 875 1298 eramus,

90 1316 120 1337 ut
146 1312 278 1339 ads-ersus
309 1312 428 1346 pluviam
455 1317 563 1339 nosmet
587 1313 696 1339 munire
721 1320 874 1346 possemus.

89 1357 330 1385 Yerumenimrero
365 1366 412 1393 per
441 1358 488 1384 Dei
516 1359 633 1400 gratiam
659 1359 737 1392 qnasi
773 1358 819 1392 qni
844 1366 874 1384 ex

87 1408 249 1439 tempestate
273 1405 315 1432 vel
339 1404 483 1439 naufragio
512 1405 580 1432 salvi
609 1408 771 1436 evaserunt,
792 1405 828 1430 ita
850 1407 876 1430 et

86 1451 140 1485 ipsi
166 1451 281 1478 comites
308 1455 420 1479 nostros
444 1459 542 1485 magna
573 1459 634 1478 cum
662 1451 756 1477 laetitia
780 1458 876 1477 sumus

87 1496 218 1523 assecuti.
239 1495 363 1531 Cumque
384 1505 432 1531 per
458 1501 565 1524 noctem
584 1497 802 1531 quievissemus‚
821 1495 875 1522 vivi

85 1548 112 1570 et
127 1543 280 1570 incolumes
305 1551 358 1570 una
379 1551 440 1570 cum
455 1543 516 1569 aliis
533 1542 567 1570 ad
586 1547 681 1570 nostra
706 1549 793 1576 nsque
815 1541 873 1567 loca
889 1558 910 1586 C

86 1589 273 1623 pervenimus,
299 1589 350 1616 boc
368 1594 466 1624 pi-aeter
487 1590 538 1616 alia
565 1589 707 1616 consecuti
727 1588 798 1614 sorte
818 1587 874 1614 sor-

87 1638 164 1667 tuna,
183 1634 256 1668 quod
278 1642 372 1661 eorum
392 1635 514 1661 omnium
529 1642 590 1668 quae
610 1634 688 1668 prius
703 1632 872 1664 acciderunt,

85 1679 144 1706 liaee
159 1679 293 1706 adversus
310 1688 360 1706 nos
377 1680 404 1706 in
424 1680 475 1706 boc
497 1683 619 1714 tempore
634 1679 753 1707 exercita
773 1679 873 1713 injuria

84 1726 245 1753 memoriam
263 1727 414 1754 renovarit.
429 1726 559 1760 Adeoque
574 1725 727 1752 necessitas
748 1725 807 1759 ipsa
823 1731 873 1750 nos

84 1772 168 1807 cogit,
183 1776 213 1799 ut
231 1772 258 1799 in
275 1778 414 1806 posterum
431 1776 457 1799 et
475 1773 527 1807 ipsi
546 1776 641 1798 nostra
662 1778 745 1798 eausa
763 1769 871 1797 consilii

83 1819 224 1853 quidpiam
264 1819 427 1854 capiamus,
460 1819 500 1845 vel
540 1819 631 1853 potius
664 1818 738 1844 illius
785 1816 872 1851 ipsius

87 1871 180 1890 causa.
203 1863 270 1890 Nam
295 1863 367 1898 qnod
389 1864 449 1898 ejtts
476 1863 632 1890 institutum
665 1862 692 1888 in
717 1862 786 1894 illis,
811 1868 872 1895 qua}

85 1907 210 1935 accidere
233 1907 329 1942 prius,
358 1908 518 1942 impeditum
544 1915 597 1934 non
622 1907 721 1938 suerit,
752 1906 777 1933 id
808 1914 872 1932 vero

85 1954 221 1981 bominem
248 1959 302 1981 tam
333 1954 510 1981 immodicum
547 1954 579 1981 ad
605 1954 707 1981 fastum
738 1953 871 1988 provexit.

84 2000 265 2033 Quamobrem
296 2005 325 2027 nt
358 2001 449 2036 seipso
482 2001 610 2027 reddatur
646 2000 763 2032 melior,
803 2007 871 2026 con-

83 2047 157 2073 venit
179 2047 270 2074 forsan
287 2055 300 2073 a
327 2047 406 2074 nobis
425 2055 534 2082 quoque
557 2047 680 2074 nonnihil
702 2047 823 2081 suscipi,
843 2050 872 2073 ut

84 2099 113 2118 se
137 2092 274 2119 bominem
293 2100 353 2119 esse
369 2093 456 2119 discat
471 2113 477 2123 ,
512 2093 559 2128 qui
598 2094 701 2120 nullam
738 2093 871 2120 adversus

83 2137 169 2164 eidem
198 2138 320 2165 addictos
337 2140 494 2170 senitentiae,
511 2139 697 2174 dignitateque
713 2147 809 2174 pares,
828 2139 871 2165 vel

83 2183 190 2217 injurice
217 2184 258 2210 vel
282 2184 436 2219 ignomini:e
469 2189 633 2219 potestatem
665 2184 773 2212 babeat.
800 2184 870 2210 Ecce

932 942 1027 977 λακήν.
1050 943 1122 978 Πλὴν
1136 944 1203 970 ἀλλὰ
1220 945 1290 972 κατὰ
1312 946 1378 972 Θεοῦ
1395 947 1484 982 χάριν,
1502 948 1538 978 ὡς
1552 949 1576 974 οἱ
1593 949 1645 974 ἀπὸ
1660 949 1724 975 κλύ-

931 989 1014 1019 δωνος
1036 988 1052 1023 ἢ
1077 989 1205 1022 ναυαγίου
1230 991 1438 1024 περισωθέντες,
1463 992 1574 1026 ἄσμενοι
1595 993 1642 1028 τὴν
1661 1002 1724 1020 συν-

931 1034 1004 1060 οδίαν
1030 1034 1110 1068 ἡμῶν
1134 1035 1336 1070 κατελάῧομεν·
1357 1037 1403 1062 καὶ
1429 1037 1651 1073 ἀναπαυσάμενοι
1673 1040 1722 1074 τὴν

930 1080 1016 1106 νύκτα
1042 1080 1109 1115 μετὰ
1135 1081 1268 1116 ἀλλήλων,
1287 1082 1386 1114 ζῶντες
1410 1083 1489 1118 μέχρι
1511 1083 1565 1110 τῶν
1581 1085 1723 1120 ἡμετέρων

930 1126 1098 1161 διεσώθημεν
1130 1128 1240 1154 τόπων·
1272 1129 1349 1155 τοῦτο
1384 1130 1583 1165 προσλαὸόντες
1610 1131 1642 1157 ἐκ
1673 1131 1722 1166 τῆς

933 1173 1088 1208 συντυχίας,
1108 1173 1148 1199 ὅτι
1172 1174 1279 1200 πάντων
1298 1175 1351 1200 τῶν
1372 1176 1502 1210 πρότερον
1527 1177 1686 1210 γεγονότων,
1703 1178 1719 1212 ἠ

931 1218 1046 1252 ἔναγχος
1061 1219 1193 1253 γενομένη
1211 1219 1269 1245 καθ’
1287 1220 1366 1255 ἡμῶν
1380 1221 1458 1256 ὔῦρις
1475 1222 1522 1257 τὴν
1549 1223 1660 1257 μνήμην
1675 1223 1720 1249 ἀν-

929 1263 1071 1290 ενεώσατο.
1090 1265 1145 1290 Καί
1166 1275 1206 1292 τοι
1227 1266 1438 1301 ἀναγκαζόμεθα
1464 1267 1554 1294 λοιπὸν
1580 1269 1628 1294 καὶ
1650 1269 1720 1303 ὑπὲρ

928 1308 1005 1342 ἡμῶν
1028 1309 1237 1343 βουλεύσασθαι·
1259 1311 1357 1345 μᾶλλον
1370 1311 1398 1337 δὲ
1422 1312 1492 1346 ὑπὲρ
1508 1312 1588 1338 αὑτοῦ
1604 1313 1718 1338 ἐκείνου.

928 1353 963 1378 Τὸ
978 1354 1031 1388 γὰρ
1049 1354 1085 1389 μὴ
1098 1355 1268 1387 ἀνακοπῆναι
1287 1356 1335 1390 τὴν
1349 1356 1431 1382 αὐτοῦ
1444 1357 1602 1392 προαίρεσιν
1619 1357 1647 1384 ὲν
1664 1359 1720 1390 τοῖς

928 1400 1059 1435 πρότερον
1079 1401 1280 1435 γεγενημένοις,
1304 1403 1343 1433 εἰς
1357 1402 1459 1437 ταύτην
1472 1403 1553 1429 αὐτὸν
1573 1405 1659 1439 ἤγαγε
1671 1404 1718 1430 τοῦ

926 1445 1012 1479 τύφου
1029 1446 1079 1481 τὴν
1097 1447 1238 1482 ἀμετρίαν.
1261 1448 1364 1474 Οὐκοῦν
1379 1449 1417 1480 ὡς
1437 1449 1469 1476 ἂν
1485 1450 1609 1482 κακεῖνος
1621 1450 1718 1477 ἑαυτοῦ

927 1491 1030 1524 γένοιτο
1049 1492 1189 1526 κρείττων,
1206 1493 1275 1527 τάχα
1295 1502 1319 1519 τι
1340 1495 1473 1529 προσήκει
1491 1496 1536 1521 καὶ
1562 1496 1626 1531 παρ’
1640 1496 1718 1531 ὴμῶν

927 1537 1063 1570 γενέσθαι,
1087 1537 1123 1569 ὡς
1140 1538 1171 1564 ἂν
1188 1538 1260 1574 μάθῃ
1283 1539 1426 1574 ἅνθρωπος
1450 1541 1498 1573 ὢν,
1519 1542 1564 1568 καὶ
1590 1542 1717 1576 οὐδεμίαν

927 1584 997 1610 κατὰ
1020 1584 1074 1610 τῶν
1096 1585 1252 1620 ὁμοφρᾶνων
1271 1595 1300 1612 τε
1323 1587 1370 1612 καὶ
1398 1587 1536 1622 ὁμοτίμων
1559 1588 1664 1623 ὔὸρεώς
1687 1598 1717 1615 τε

926 1631 972 1656 καὶ
988 1630 1099 1664 ἀτιμίας
1120 1631 1169 1666 τὴν
1194 1631 1334 1658 αὐθεντίαν
1357 1632 1435 1667 ἔχων.
1462 1634 1526 1659 Ἰδοὺ
1545 1634 1597 1669 γὰρ
1619 1634 1716 1669 ἀληθὲς

925 1674 993 1701 εἶναι
1008 1676 1132 1709 δεδόσθω,
1146 1677 1227 1711 (λέγω
1244 1677 1304 1704 καθ’
1319 1678 1457 1712 ὑπόθεσιν)
1471 1680 1634 1715 γεγενῆσθαι
1650 1680 1715 1715 παρ’

925 1721 991 1755 ἐμοῦ
1013 1730 1039 1747 τι
1061 1721 1180 1756 λυπηρὸν
1201 1723 1260 1749 κατ’
1277 1723 1380 1749 ἐκείνου
1393 1732 1400 1739 ·
1419 1726 1493 1751 ποῖον
1517 1725 1631 1760 συνέστη
1651 1725 1712 1752 καθ’

925 1766 1000 1801 ἡμῶν
1016 1767 1061 1792 ἐπὶ
1082 1769 1138 1798 τοῖς
1163 1768 1324 1802 γινομένοις,
1349 1769 1364 1803 ἣ
1387 1769 1595 1804 ὑπονοουμένοις
1617 1772 1714 1806 κριτή-

926 1820 997 1846 ριον;
1021 1813 1068 1843 Τίς
1091 1813 1228 1845 ἀπόδειξις
1249 1814 1298 1848 τὴν
1325 1814 1430 1840 ἀδικίαν
1457 1815 1608 1850 ἀπήλεγξε;
1637 1816 1715 1848 Τίνες

925 1858 1035 1889 κανόνες
1065 1859 1125 1885 καθ’
1153 1859 1232 1894 ἡμῶν
1257 1859 1479 1894 ἀνεγνιῗ)σθησαν;
1508 1860 1575 1887 Ποία
1605 1861 1714 1896 ἔννομος

925 1905 1073 1930 ἐπισκόπου
1085 1905 1221 1939 ἀπόφασις
1235 1905 1283 1940 τὴν
1294 1906 1354 1932 καθ’
1367 1907 1444 1941 ἡμῶν
1455 1907 1543 1942 κρίσιν
1558 1907 1711 1942 ὲκύρωσεν;

922 1952 953 1977 ΕΞ
973 1951 1043 1976 δέτι
1066 1952 1111 1977 καὶ
1135 1952 1255 1985 ἐγεγόνπ
1279 1951 1381 1978 τούτων
1403 1953 1532 1987 ἐννόμως,
1557 1953 1665 1984 πάντως
1680 1953 1712 1979 ἂν

923 1997 986 2032 περὶ
1001 1997 1046 2022 τον
1068 1997 1170 2031 βαθμὸν
1186 1998 1199 2022 ὁ
1212 1997 1332 2028 κίνδυνος
1351 1996 1518 2033 ἦν.”1“6ριν
1532 1998 1560 2024 δὲ
1580 1999 1649 2025 κατὰ
1659 1999 1713 2025 τῶν

922 2043 1083 2079 ἐλευθέρων,
1106 2044 1152 2070 καὶ
1178 2043 1289 2078 ἀτιμίαν
1311 2044 1381 2070 κατὰ
1405 2045 1458 2070 τῶν
1474 2045 1622 2080 ὁμοτίμων,
1642 2046 1711 2071 ποῖοι

922 2091 1034 2122 κανόνες
1063 2090 1262 2125 ἐνομοθέτησαν
1279 2099 1285 2123 ;
1303 2092 1396 2126 Κρῖμα
1419 2091 1520 2118 δίκαιον
1546 2092 1666 2126 κρίνατε,
1687 2091 1711 2117 οἱ

922 2137 989 2172 πρὸς
1006 2136 1071 2163 Θεὸν
1086 2136 1212 2171 ὁρῶντες,
1228 2137 1257 2162 ἐν
1271 2136 1323 2162 τίνι
1344 2137 1514 2170 συγγνωστὸν
1536 2137 1644 2172 ἡγεῖσθε
1662 2137 1711 2172 τὴν

922 2182 982 2208 καθ’
993 2182 1070 2217 ἡμῶν
1082 2181 1210 2216 ἀτιμίαν;
1224 2182 1254 2208 Εἰ
1268 2181 1336 2208 κατὰ
1345 2181 1392 2217 τὴν
1405 2181 1552 2216 ἱερωσύνην
1564 2182 1593 2208 τὸ
1603 2182 1710 2216 ἀξίωμα

82 2229 173 2260 enim,
196 2237 289 2262 verum
312 2238 372 2256 esse
389 2230 537 2264 largiamur
555 2230 662 2264 (dicam
686 2230 795 2264 quidem
819 2230 869 2256 sub
886 2234 908 2262 ι)
922 2229 1050 2262 κρίνοιτο,
1065 2227 1108 2262 ἰ’ση
1125 2227 1199 2262 παρὰ
1215 2227 1323 2253 συνόδου
1339 2227 1385 2253 καὶ
1406 2227 1455 2261 μία
1469 2227 1577 2260 γέγονεν
1590 2227 1710 2260 ἀμφοτέ-

82 2274 255 2309 (Ὸηιίἰιίοηο)
272 2275 444 2309 designatum
465 2284 480 2302 a
501 2285 545 2303 me
559 2276 688 2311 quiddam
705 2284 776 2308 csse,
795 2276 868 2310 qnod

81 2325 154 2347 esset
171 2320 220 2355 ipsi
235 2321 370 2355 ingratum
386 2321 583 2356 molestumque
598 2331 603 2348 :
618 2322 755 2355 quodnam
771 2322 867 2348 adver-

82 2373 140 2391 sum
164 2373 214 2392 nos
236 2366 271 2392 ob
294 2374 325 2393 ea
342 2374 401 2400 qua·
431 2367 472 2393 vel
498 2366 570 2393 saeta
592 2371 667 2399 sunt,
685 2367 726 2393 vel
743 2374 773 2393 ex
801 2374 867 2392 con-

78 2411 193 2444 jecturis
210 2412 336 2442 collecta,
353 2412 487 2446 judicium
500 2417 541 2440 est
552 2413 708 2439 institutum
722 2412 733 2437 ’.Ι
749 2420 809 2446 qua}
828 2411 867 2439 rei

81 2454 205 2487 probatio
221 2456 254 2482 de
277 2455 351 2482 illata
375 2457 475 2490 injuria
495 2464 543 2483 nos
562 2457 702 2483 convicit?
715 2456 766 2488 Qui
784 2464 867 2483 cano-

83 2509 130 2528 nes
146 2502 279 2530 adversns
296 2510 346 2530 nos
369 2503 496 2538 producti
511 2504 521 2529 ¹?
541 2502 672 2536 Qnaenam
698 2504 817 2537 legitime
834 2503 868 2529 ab

81 2547 211 2581 episeopo
227 2549 369 2575 enuntiata
386 2550 467 2576 rerba
503 2550 667 2576 sententiani
695 2553 790 2576 contra
818 2557 867 2575 nos

83 2592 162 2617 latam
177 2593 389 2626 approbarunt?
405 2594 481 2627 Quod
497 2594 518 2621 si
535 2595 600 2629 qnid
616 2594 753 2629 ejusmodi
778 2595 867 2620 niaxi-

82 2645 125 2663 me
147 2636 246 2664 sactum
265 2643 316 2670 est,
337 2640 481 2674 etquidem
497 2641 634 2675 legitime:
649 2641 762 2668 ontnino
775 2644 865 2666 tamen

82 2682 109 2708 in
126 2683 217 2717 aliquo
234 2684 330 2711 saltem
357 2686 444 2720 gradu
471 2691 531 2713 erat
547 2687 710 2721 perieulum.
734 2686 769 2712 At
787 2691 866 2720 petu-

83 2727 194 2753 lantiam
206 2728 338 2756 adversus
352 2731 484 2765 ingenuos
497 2732 631 2764 homines,
643 2737 669 2759 et
683 2732 862 2767 ignominiam

81 2773 215 2801 adversus
232 2774 364 2810 dignitate
387 2785 477 2811 pares,
495 2778 606 2812 quinam
625 2786 717 2813 quaeso
742 2786 864 2806 canones

81 2827 200 2853 unquam
217 2822 451 2855 comprobarunt?
466 2823 591 2850 ludicate
609 2824 714 2858 justum
728 2824 863 2858 judicium

81 2872 129 2892 vos
142 2866 187 2900 qui
202 2865 285 2893 Deum
309 2867 455 2902 respicitis,
479 2870 658 2903 quamobrem
682 2871 753 2897 lianc
784 2870 862 2896 nobis

922 2283 975 2308 ρων
999 2273 1076 2308 ἡμῶν
1102 2274 1118 2307 ἡ
1149 2273 1293 2307 προνομία,
1312 2272 1411 2306 μᾶλλον
1438 2272 1465 2297 δὲ
1492 2273 1508 2306 ἡ
1526 2272 1635 2306 φροντὶς
1659 2272 1710 2305 τῆς

921 2320 973 2346 τῶν
989 2319 1085 2346 κοινῶν
1100 2318 1277 2353 διορθώσεως,
1299 2319 1328 2344 ἐν
1342 2318 1381 2352 τῷ
1396 2318 1425 2344 το
1449 2318 1505 2344 ἴσον
1528 2318 1610 2352 ἔχειν.
1628 2318 1659 2344 Εἰ
1681 2317 1710 2342 δέ

919 2375 990 2397 τινες
1004 2366 1076 2400 ἡμᾶς
1091 2366 1210 2399 γυμνοὺς
1223 2364 1269 2390 τοῦ
1284 2364 1354 2391 κατὰ
1365 2364 1414 2399 τὴν
1427 2363 1575 2399 ἱερωσύνην
1591 2363 1710 2398 ἀξιώμα-

920 2420 964 2442 τος
979 2411 1019 2444 ἐφ’
1043 2411 1156 2441 ἑαυτοὺς
1179 2410 1311 2444 βλέποιεν,
1330 2409 1356 2435 τί
1370 2409 1416 2435 τοῦ
1438 2410 1530 2444 ἑτέρου
1546 2409 1636 2435 πλεῖον
1653 2408 1709 2443 ἔχει

919 2456 1053 2490 οὲτερος;
1070 2455 1163 2488 γε’νος;
1190 2455 1349 2486 παίδευσιν;
1373 2454 1528 2489 ἐλευθερίαν
1552 2454 1619 2489 πρὸς
1646 2453 1708 2484 τοὺς

918 2501 1044 2536 ἀρίστους
1057 2509 1086 2526 τε
1103 2501 1149 2526 καὶ
1162 2500 1320 2535 εὐδοκίμους
1333 2509 1339 2532 ;
1353 2500 1469 2535 γνῶ-ειη
1485 2500 1577 2527 Ταῦτα
1591 2500 1606 2534 ἢ
1622 2501 1650 2526 ἐν
1669 2500 1708 2535 τῷ

919 2548 967 2582 ἴσῳ
989 2547 1035 2573 καὶ
1059 2547 1123 2582 παρ’
1137 2547 1202 2582 ἡμῖν
1225 2546 1297 2572 ἔστιν
1317 2547 1416 2582 εὑρεῖν,
1437 2547 1452 2581 ἢ
1478 2546 1584 2577 πάντως
1601 2546 1649 2571 ούκ
1670 2546 1698 2571 ἐν

917 2593 1051 2618 ἐλάσσονι.
1071 2593 1151 2619 Ἀλλὰ
1176 2593 1289 2619 πλοῦτον
1303 2593 1392 2627 λέγεις
1415 2593 1460 2626 Μὴ
1475 2592 1578 2626 γένοιτο
1600 2592 1638 2623 εἰς
1659 2592 1707 2617 ἀν·
1742 2616 1743 2619 ,

920 2639 1008 2674 ἁγκην
1030 2639 1127 2671 ἐλθεῖν,
1144 2639 1227 2665 ταῦτα
1243 2638 1306 2673 περ11
1327 2637 1408 2664 αὑτοῦ
1422 2636 1600 2672 διηγήσασθαι
1615 2636 1630 2671 ἢ
1644 2644 1706 2662 τοσ-

919 2684 997 2710 οῦτον
1020 2685 1099 2719 ἀρκεῖ
1121 2684 1200 2718 μόνον
1218 2684 1315 2715 εἰπεῖν,
1329 2684 1389 2714 ὅσος
1402 2681 1436 2717 ἦν
1453 2682 1483 2708 τὸ
1497 2682 1646 2717 καταρχὰς,
1661 2681 1708 2708 καὶ
1720 2693 1726 2700 ·

919 2730 966 2756 νῦν
980 2731 1040 2761 ὅσος
1062 2731 1180 2764 ἐγένετο,
1196 2731 1241 2756 καὶ
1255 2729 1415 2756 καταλιπεῖν
1431 2729 1519 2760 ἄλλοις
1539 2729 1707 2763 ἀναζητῆσαι

919 2776 967 2810 τῆς
986 2776 1125 2809 αὐξήσεως
1148 2775 1194 2802 τοῦ
1211 2775 1324 2801 πλούτου
1340 2775 1388 2805 τὰς
1401 2774 1537 2809 ἀφορμὰς,
1563 2774 1609 2799 τοῦ
1627 2774 1706 2808 μέχρι

918 2821 963 2846 τοῦ
982 2821 1112 2855 παρόντος
1128 2821 1174 2847 καὶ
1195 2820 1255 2846 καθ’
1277 2820 1394 2854 ἑκάστην
1414 2819 1511 2854 μικροῦ
1533 2820 1586 2845 δεῖν
1601 2819 1705 2854 ἡμέραν

919 2867 962 2893 διὰ
978 2866 1030 2892 τῶν
1047 2866 1136 2892 καλῶν
1161 2865 1384 2901 ἐπιτηδευμάτων
1405 2865 1588 2900 αὐξανομένου
1608 2873 1638 2890 τε
1659 2868 1706 2894 καὶ
1742 2870 1748 2875 ·
