1878 3036
152 91 203 117 {³⁴25

779 93 806 120 S.
828 94 988 122 GttEGORtt
1008 96 1152 124 M'SSENJ

1730 107 1778 134 501

185 148 284 174 Eodem
312 153 390 182 pacto
411 153 437 176 et
452 150 617 176 contrariam
647 150 709 178 huic
729 152 940 180 exinanitionem
956 158 977 185 Α
1030 155 1107 182 Οὕτω
1119 156 1140 182 δ’
1157 157 1189 183 ἄν
1206 166 1246 189 τις
1260 158 1332 194 εὕροι
1348 160 1393 185 καὶ
1407 160 1437 185 τὸ
1452 160 1480 191 ἐξ
1495 161 1614 187 ἐναντίου
1627 163 1778 197 νοούμενον.

150 195 270 228 reperies
301 195 482 228 periculosam
508 196 542 223 iis
558 197 603 231 qui
621 204 635 223 a
653 197 793 225 moderato
818 200 877 233 ejus
891 208 942 227 usu

151 240 324 271 recesserint,
341 249 395 267 non
414 241 536 268 inutilem
550 246 652 276 tamen,
668 243 690 270 si
705 244 853 278 prudenter
870 245 944 272 adhi-

151 286 256 316 beatur‚
277 289 304 312 ct
319 291 431 313 eatenus
457 287 512 318 fiat,
531 292 666 322 quatenus
683 290 752 316 ratio
770 291 941 324 quantitatis,

150 334 177 357 et
192 331 343 364 qualitatis,
362 336 389 359 et
411 333 543 367 temporis
562 335 718 368 postulabit.
734 336 847 362 Constat
863 337 943 369 igitur

149 385 183 402 cx
199 377 231 403 iis
247 385 307 411 qua)
326 378 400 404 dicta
414 383 488 411 sunt,
499 387 559 406 cum
575 380 638 406 boni
651 385 714 407 nota
726 389 779 407 non
794 389 943 415 congruere

151 421 233 447 vitani
246 422 336 455 istam,
348 431 428 458 quam
440 425 557 452 vivimus
570 435 576 454 :
589 433 620 453 ex
631 434 684 461 quo
695 427 829 461 sequitur,
840 427 943 455 disces-

150 475 210 494 sum
224 468 258 495 ab
270 476 302 495 ca
315 477 370 496 non
380 478 440 497 esse
452 470 648 505 sejunctionem
667 472 700 499 ab
715 472 769 499 ullo
782 473 862 499 bono.
874 472 942 499 Nam

150 512 186 544 id,
201 514 274 548 quod
289 523 361 547 vere,
379 521 406 543 et
425 517 542 552 proprie,
561 524 587 545 et
602 519 688 552 primo
702 519 802 545 bonum
814 519 940 550 dicimus.

150 566 200 585 nec
215 560 327 593 repletio
340 565 393 592 est,
411 570 459 588 nec
469 562 593 594 inanitio,
607 571 674 597 quas
688 563 844 597 aliquando,
861 567 886 590 et
908 563 941 590 ad

150 604 263 639 aliquid,
285 607 349 633 etin
369 607 532 642 quibusdam
550 612 654 635 tantum
669 609 749 636 utiles
769 608 941 637 demonstra-

150 650 248 681 vimus,
267 652 366 685 quibus
379 661 440 680 vere
453 653 516 680 boni
530 658 593 681 nota
609 662 663 681 non
677 655 815 682 convenit.

991 201 1021 226 τὸ
1039 202 1109 228 κατὰ
1125 201 1173 238 τὴν
1191 203 1304 232 κένωσιν
1316 205 1398 238 λέγω,
1413 205 1459 231 καὶ
1474 207 1633 238 κινδυνῶδες
1648 210 1703 239 τοῖς
1720 209 1787 234 ὐπο-

993 247 1128 280 μὲνουσιν,
1144 248 1168 274 εί
1193 249 1322 283 παρέλθοι
1335 251 1367 284 τῇ
1383 251 1500 286 ἀμετρίᾳ
1519 252 1549 277 τὸ
1572 253 1717 287 χρήσιμον,
1735 254 1781 279 καὶ

992 291 1073 317 πάλιν
1089 293 1138 318 οὐκ
1154 293 1289 328 ἀνονήτως
1309 295 1460 329 γινόμενον,
1477 297 1500 321 εἰ
1520 297 1585 331 πρός
1599 307 1623 323 τι
1640 298 1693 324 τῶν
1706 298 1781 332 ὡφε-

992 335 1109 362 λούντων
1125 337 1277 372 συμὸαίνει,
1290 338 1336 364 τοῦ
1350 348 1378 365 τε
1391 340 1485 375 καιροῦ
1504 341 1550 366 καὶ
1566 342 1611 367 τοῦ
1636 343 1716 368 ποσοῦ
1735 343 1781 368 καὶ

994 380 1040 406 τοῦ
1056 382 1133 408 ποιοῦ
1149 384 1485 420 συμπαραλαμόανομένου
1502 387 1569 421 πρὸς
1585 387 1615 412 τὸ
1632 388 1681 422 τῆς
1695 387 1779 413 κενώ-

996 435 1063 458 σεως
1078 428 1220 462 χρήσιμον,
1236 430 1343 465 Ἐπειδὴ
1357 431 1444 456 τοίνυν
1457 432 1486 457 οὐ
1502 432 1643 466 συμὸαίνει
1658 433 1725 468 πρὸς
1737 433 1781 458 τὸν

993 472 1039 498 τοῦ
1055 473 1136 499 καλοῦ
1160 475 1319 510 χαρακτῆρα
1336 476 1366 502 τὸ
1383 477 1432 511 τῆς
1447 477 1518 512 ζωῆς
1540 479 1639 513 ταύτης
1658 478 1741 511 εἶδος,
1758 476 1780 511 ᾧ

995 517 1151 552 βιοτεύομεν
1162 527 1168 533 ·
1185 519 1398 555 ὁμολογούμενον
1416 522 1448 548 ἂν
1464 522 1504 557 εἴη
1518 522 1561 548 διὰ
1574 523 1622 557 τῆς
1636 523 1689 549 τῶν
1705 525 1779 558 εἰρη-

995 562 1082 596 μένων
1097 562 1265 595 ἀκολουθίας,
1277 565 1316 591 ὄτι
1330 565 1434 596 οὐδενὸς
1445 566 1546 599 ἀγαθοῦ
1563 568 1699 602 χωρισμός
1710 569 1781 593 ἐστιν

995 609 1011 643 ἠ
1029 609 1060 634 ἐκ
1081 612 1127 635 τοῦ
1145 609 1264 636 τοιού-,ου
1282 610 1337 644 βίου
1353 612 1525 645 μετάστασις.
1542 613 1659 648 Φανερον
1672 614 1724 648 γὰρ
1739 614 1781 639 ὅτι

991 655 1021 681 τὸ
1035 655 1169 690 ἀληθινῶς
1193 656 1239 682 καὶ
1264 656 1365 688 κυρίως
1386 657 1432 683 καὶ
1453 658 1567 693 πρώτως
1588 659 1699 692 ἀγαθὸν,
1718 658 1780 685 οὔτε

149 697 264 730 κένωσίς
286 700 370 732 ἐστιν,
391 700 452 726 οὔτε
479 700 634 735 πλήρωσις·
651 701 723 736 ἅπερ
738 701 784 727 καί
801 710 875 734 ποτε,
894 701 941 727 καὶ
960 701 1027 736 πρός
1041 710 1076 733 τι,
1090 701 1137 727 καὶ
1151 701 1196 728 ‘ent
1209 710 1289 728 τινων
1303 703 1489 730 ἀποδέδεικται
1502 705 1632 740 χρήσιμα,
1662 702 1701 736 οἷς
1730 706 1780 734 οὐχ

149 743 258 769 ἔπεστιν
274 745 287 770 ὁ
304 744 350 771 τοῦ
364 745 497 780 ἀληθινῶς
513 746 587 778 ὄντος
599 746 702 780 ἀγαθοῦ
714 748 865 782 χαρακτήρ.

184 791 366 824 Quamobrem
381 800 442 820 cum
466 801 529 821 vere
546 794 646 821 bouum
668 794 692 821 ei
715 795 786 829 quod
813 803 867 822 non
896 800 938 822 est
954 800 977 829 Β

150 845 213 864 vore
230 837 330 864 honum
342 858 349 870 ‚
372 839 408 865 ita
422 840 591 867 contrarium
607 840 662 872 sit,
691 843 720 866 ut
736 841 839 867 nullum
871 841 941 867 inter

150 892 181 910 ca
208 884 327 911 medium
354 884 451 916 detur.
470 889 685 913 consentaneum
709 890 752 913 cst
776 893 824 912 eos
851 886 897 920 qui
925 894 940 913 a

151 938 204 956 non
221 937 285 957 vero
314 930 460 957 discedunt
476 931 564 964 bono,
593 931 627 958 ad
642 939 737 958 verum
755 931 821 958 illud
840 931 940 958 bonum

151 976 280 1002 accedere
293 996 300 1007 ,
319 977 392 1011 quod
408 984 516 1011 semper
528 997 535 1007 .
555 981 582 1004 et
606 978 735 1005 omnibus
750 998 757 1010 ‚
772 983 799 1005 et
827 979 940 1006 omnino

151 1021 185 1047 sit
201 1021 317 1053 bonum,
336 1029 386 1049 nec
401 1030 451 1057 pro
467 1027 589 1058 ternpore,
600 1043 606 1054 ,
622 1028 668 1050 aut
685 1023 777 1058 aliqua
794 1033 826 1052 ex
843 1029 920 1060 parte
931 1047 938 1058 ,

150 1071 196 1093 aut
212 1068 238 1094 in
261 1068 424 1103 quibusdam
436 1089 443 1101 ‚
462 1075 509 1096 aut
523 1075 634 1105 propter
650 1071 754 1105 aliquid
765 1091 772 1103 ‚
790 1072 837 1099 sed
869 1080 940 1100 sem-

151 1120 215 1146 per,
234 1113 260 1139 in
283 1113 385 1141 eisdem
398 1134 406 1146 ,
424 1119 450 1141 ct
466 1115 561 1142 eodem
580 1116 662 1143 modo
677 1124 738 1144 sese
765 1117 872 1144 habeat.
899 1117 940 1144 Ad

150 1159 202 1185 itoc
223 1160 305 1195 igitur
325 1161 416 1188 anima
431 1162 550 1189 bumana
571 1170 586 1189 a
606 1163 661 1190 vita
684 1171 817 1198 corporea
829 1164 940 1198 prolici-

151 1206 254 1238 scitur,
269 1209 296 1233 et
311 1214 325 1233 a
346 1208 473 1242 praesenti
493 1208 631 1236 divcrsum
656 1209 718 1236 vitre
745 1214 846 1237 statum
863 1218 939 1238 asse-

150 1252 245 1286 quitur
260 1262 266 1279 :
280 1260 360 1287 quem
377 1261 437 1286 nos,
452 1255 571 1289 quicum
584 1261 667 1282 carne
679 1255 817 1290 conjuncti
834 1264 939 1288 sumus,

150 1299 232 1333 plane
247 1299 348 1326 intueri
369 1308 422 1326 non
437 1308 601 1335 possumus,
616 1309 650 1328 ex
674 1302 879 1337 comparatione
898 1306 940 1328 ta·

150 1351 211 1370 men
230 1343 310 1371 istius
326 1344 400 1377 vitaz,
416 1345 574 1379 conjectura
590 1346 714 1380 quaedam
731 1347 804 1374 illius
820 1347 877 1374 sieri
894 1355 939 1382 po-

151 1393 213 1416 test.
239 1388 332 1424 Neque
363 1390 436 1417 enim
463 1391 516 1417 erit
541 1396 670 1418 concreta
698 1392 787 1427 aliqua
815 1393 938 1427 corporis

150 1434 324 1465 crassitudo,
359 1443 408 1462 nec
446 1437 501 1463 ulla
531 1438 734 1465 contrariorum
769 1445 938 1465 concurrens

150 1481 292 1514 chualitas
318 1481 515 1509 clementorum
531 1503 538 1515 ,
557 1491 673 1518 quorum
690 1485 803 1519 aequalis
819 1493 849 1511 ac
878 1493 939 1512 mu·
954 1475 976 1505 C

150 1530 197 1552 tua
218 1534 307 1561 pugna
324 1528 551 1556 constitutionem
570 1534 691 1557 nostram
707 1550 714 1562 ,
738 1531 940 1558 valetudinem-

151 1579 203 1605 que
220 1578 376 1599 conservat.
394 1573 461 1600 Nam
478 1575 500 1602 si
517 1583 612 1602 eorum
637 1576 747 1610 aliquod
777 1578 819 1604 vel
841 1578 941 1604 redun-

150 1615 214 1647 det,
238 1617 280 1644 vel
302 1617 425 1650 deficiat,
452 1623 551 1645 natura
572 1620 764 1654 perturbatur,
781 1627 813 1647 ac
837 1620 941 1647 morbis

151 1662 280 1690 allicitur.
298 1663 343 1690 llla
368 1665 523 1691 auteinvita
549 1673 599 1692 nec
627 1665 716 1692 inedia
740 1666 863 1697 laborat.
892 1673 941 1692 nec

151 1708 307 1742 cruditate,
336 1717 387 1736 nec
403 1709 522 1744 frigore,
540 1710 681 1738 caloresve
706 1716 752 1737 ant
778 1712 845 1738 alias
870 1712 940 1740 aeris

151 1755 267 1788 injurias
294 1756 395 1788 sentit,
421 1760 448 1782 et
473 1755 528 1782 illic
552 1757 659 1791 agitur,
691 1757 736 1783 ubi
758 1757 792 1783 ab
811 1758 940 1785 omnibus

151 1800 212 1827 istis
241 1800 382 1827 laboribus
410 1801 574 1828 necessariis
603 1802 681 1828 libcri
709 1802 822 1829 erimus.
848 1803 941 1837 Neque

150 1846 222 1873 cuim
238 1850 283 1872 aut
296 1853 362 1880 agro
377 1846 511 1880 colendo,
529 1852 576 1874 aut
600 1848 754 1882 navigando
777 1848 940 1883 desatigabi-

151 1900 231 1924 mur,
261 1900 316 1919 non
343 1896 516 1925 mercatura,
532 1901 585 1920 non
604 1894 658 1920 ullo
685 1898 790 1928 quaestu
815 1895 940 1929 coinqui—

152 1939 301 1965 nabimnr:
331 1939 378 1965 sed
408 1939 441 1965 ab
469 1939 641 1971 aedificandi,
665 1940 791 1971 tcxcndi,
812 1941 941 1975 omnique

152 1983 326 2010 sordidarum
353 1985 452 2011 artium
473 1985 584 2013 miseria
599 1986 677 2012 vacui
701 1987 892 2020 tranquillam,
912 1991 941 2013 ut

152 2027 253 2056 Paulus
270 2030 324 2061 ait,
346 2037 377 2056 ac
392 2030 513 2064 quietam
530 2037 642 2064 agemus
660 2031 742 2057 vitain
757 2040 764 2063 ;
780 2040 832 2057 non
850 2036 939 2063 terra,

152 2082 206 2102 11011
224 2075 293 2101 niari
307 2076 510 2110 pugnabimus;
533 2084 587 2102 non
602 2076 723 2110 equitatu
740 2097 746 2107 ,
780 2085 833 2103 non
866 2077 941 2111 pcdi-

153 2123 211 2145 mtu
237 2127 336 2147 manus
354 2128 551 2153 consercmus;
578 2121 605 2147 in
638 2122 808 2155 apparitibus
836 2123 939 2149 bellicis

153 2173 206 2191 non
236 2165 436 2200 occupabimur
454 2185 460 2196 ‚
494 2174 549 2192 non
571 2167 711 2200 exigemus
740 2167 856 2199 tributa;
886 2176 940 2194 non

153 2209 243 2241 fossa,
261 2218 315 2236 non
333 2219 411 2237 muro
427 2219 476 2237 nos
495 2212 668 2243 muniemus;
686 2212 733 2239 sed
758 2213 793 2239 ab
814 2214 940 2240 omnibus

152 2256 288 2290 ejusmodi
316 2256 456 2283 laboribus
477 2263 502 2284 ct
519 2259 652 2285 molestiis
674 2260 868 2291 remotissimi,
890 2267 940 2287 nee

154 2302 314 2328 habebimus
336 2303 419 2328 ullum
441 2303 491 2336 ipsi
509 2304 663 2337 negotium,
684 2312 733 2330 ncc
752 2305 941 2332 exhibebimus

153 2348 240 2373 alteri.
265 2347 322 2373 illic
349 2348 420 2375 enim
449 2356 498 2375 nco
526 2349 661 2380 servitus.
691 2358 741 2377 nec
764 2351 939 2382 dominatus,

154 2401 203 2419 uec
219 2398 365 2427 paupertas
376 2413 383 2424 ‚
401 2401 450 2420 nec
463 2394 582 2424 divitiae,
607 2403 655 2422 nec
670 2397 777 2430 generis
791 2397 919 2431 splendor
932 2417 939 2428 ,

153 2443 199 2464 ant
216 2439 372 2465 obscuritas
384 2459 391 2470 ,
412 2447 461 2465 nec
481 2440 649 2473 privatorum
667 2441 806 2467 humilitas
818 2463 824 2473 ,
837 2450 887 2469 nec
899 2443 940 2469 di-

153 2485 243 2517 gnitas
264 2485 472 2518 magistratuum
487 2505 492 2513 ,
512 2493 561 2511 nce
577 2486 630 2511 ulla
646 2487 707 2512 talis
725 2487 854 2519 fortunae,
874 2496 940 2515 con-

154 2530 285 2561 ditionis.
313 2536 339 2557 ct
362 2531 465 2557 ordinis
489 2531 639 2558 differentia
667 2532 755 2558 locum
778 2534 866 2560 liabct.
896 2534 941 2560 Et-

153 2577 224 2601 enim
239 2577 361 2602 omnium
375 2577 510 2611 ejusmodi
527 2585 618 2604 rerum
634 2579 824 2605 ncccssitatcm
847 2581 940 2606 exclu-

153 2620 193 2646 dit
209 2620 252 2646 illa
271 2622 343 2653 vita,
363 2630 422 2656 quse
439 2624 560 2650 materiae
587 2631 685 2658 expers
716 2625 789 2650 nulla
815 2633 843 2651 rc
863 2630 938 2660 cgct.

155 2665 182 2691 111
207 2673 260 2699 qua
287 2670 412 2693 naturam
437 2668 519 2694 animi
543 2676 595 2695 non
617 2676 649 2695 ex
672 2669 745 2695 sicco
773 2670 940 2704 humidoque

154 2716 301 2742 constare,
329 2713 375 2738 scd
405 2720 436 2739 ex
463 2713 562 2740 (livinae
588 2719 692 2741 natur-e
718 2716 888 2750 cogntfimw,
913 2721 939 2742 ct

155 2757 268 2789 hujusce
297 2758 409 2790 spiritus
438 2760 501 2785 aerii
528 2760 605 2789 loco,
636 2762 762 2787 xeroillo
791 2766 938 2795 sanctoque

156 2802 257 2835 Spiritu
272 2802 323 2829 frui
344 2794 578 2839 non'aintugimus.
593 2806 657 2838 Qus:
671 2806 779 2841 quidem
797 2807 866 2834 bona
884 2816 937 2834 11011

1033 794 1107 820 Ἐπεὶ
1130 791 1175 820 οὖν
1190 794 1228 829 τῷ
1249 795 1356 830 ἀληθῶς
1373 796 1467 830 ἀγαθῷ
1484 797 1552 831 προς
1573 796 1602 822 τὸ
1616 796 1652 832 μὴ
1673 797 1780 831 ἀληθῶς

992 840 1093 873 ἀγαθόν
1110 841 1183 866 ἐστιν
1197 842 1213 875 ἡ
1231 841 1363 872 ἀντίθεσις
1375 862 1381 873 ,
1397 842 1497 876 ἅμεσος
1508 842 1535 867 δὲ
1549 842 1603 869 τῶν
1619 842 1664 868 δύο
1678 843 1781 869 τούτων

993 886 1009 921 ἡ
1024 886 1190 917 ἐναντίωσις·
1203 887 1347 913 ἀκόλουθον
1360 887 1392 914 ἃν
1407 888 1448 922 είή
1461 889 1515 919 τοῖς
1527 889 1720 924 χωριζομένοις
1733 889 1783 916 τοῦ

994 932 1030 967 μὴ
1049 932 1155 967 ἀληθῶς
1173 932 1247 964 ὄντος
1263 933 1355 965 καλοῦ,
1372 933 1439 968 πρὸς
1452 934 1482 959 τὸ
1496 935 1528 969 τῇ
1546 934 1624 968 φύσει
1644 935 1724 960 καλὸν
1738 936 1782 961 ἐν·

993 978 1065 1004 θένδε
1083 977 1218 1005 πιστεύειν
1236 978 1284 1013 τὴν
1306 979 1469 1013 μετάστασιν
1488 979 1620 1012 γίνεσθαι,
1636 979 1648 1005 ὃ
1667 980 1780 1006 πάντοτε

992 1023 1039 1049 καὶ
1059 1024 1140 1049 παντὶ
1162 1023 1209 1050 καὶ
1222 1023 1265 1050 διὰ
1279 1025 1385 1050 πάντων
1406 1024 1478 1049 ἐστὶν
1493 1024 1602 1057 ἀγαθὸν,
1627 1024 1687 1050 οὔτε
1712 1026 1781 1051 κατὰ

991 1070 1113 1105 καιροὺς,
1132 1069 1192 1095 οὔτε
1209 1069 1254 1095 ἐπί
1271 1078 1365 1101 τινων,
1381 1069 1442 1095 οὔτε
1458 1069 1501 1096 διά
1514 1079 1550 1102 τι,
1574 1070 1630 1096 ἀλλ’
1643 1072 1686 1096 ἀεὶ
1709 1072 1780 1098 κατὰ

990 1115 1024 1142 τὰ
1043 1116 1111 1141 αὐτὰ
1124 1116 1170 1141 καὶ
1183 1115 1313 1147 ὡσαύτως
1327 1115 1397 1150 ἕχον.
1413 1115 1484 1150 Πρὸς
1499 1116 1577 1142 τοῦτο
1590 1116 1678 1142 τοίνυν
1695 1117 1782 1151 μέτει-

991 1169 1032 1187 σιν
1045 1161 1097 1187 ἀπὸ
1110 1163 1159 1196 τῆς
1172 1161 1327 1196 σαρκωδους
1345 1161 1416 1196 ζωῆς
1432 1162 1448 1196 ὴ
1462 1161 1619 1195 ἀνθρωπίνη
1633 1161 1716 1196 ψυχὴ,
1732 1161 1779 1188 ἄλ-

988 1208 1038 1241 λην
1057 1206 1117 1232 τινὰ
1131 1206 1187 1241 βίου
1209 1207 1375 1232 κατάστασιν
1396 1207 1456 1232 ἀντὶ
1471 1207 1519 1241 τῆς
1539 1207 1678 1242 παρούσης
1696 1216 1780 1242 μετα·

990 1251 1178 1287 λαμῧὰνουσα,
1196 1253 1228 1287 ἣν
1248 1252 1281 1278 δι’
1302 1253 1443 1287 ἀκριὸείας
1464 1253 1512 1287 μὲν
1540 1253 1613 1284 ἰδεῖν,
1629 1253 1688 1287 ἥτις
1712 1254 1778 1284 ἐστὶ,

989 1300 1020 1333 τῇ
1040 1298 1121 1333 σαρκὶ
1139 1298 1369 1332 συγκεκραμένοις
1385 1299 1523 1333 ἀμήχανον
1534 1307 1541 1314 ·
1555 1300 1586 1324 ἐκ
1606 1298 1633 1324 δὲ
1646 1299 1695 1333 τῆς
1711 1299 1780 1325 κατὰ

989 1345 1033 1371 τὸν
1052 1345 1108 1380 βίον
1124 1345 1218 1371 τοῦτον
1233 1345 1441 1380 γνωριζομένων
1458 1345 1656 1380 ὑπεξαιρέσεως
1669 1346 1780 1372 δυνατόν

989 1391 1046 1417 ἑστι
1060 1391 1209 1425 στοχασμόν
1227 1399 1286 1416 τινα
1302 1391 1334 1416 δι’
1349 1391 1494 1425 ἀναλογίας
1509 1391 1661 1418 ἀναλαὸεῖν.
1682 1392 1779 1418 Οὐκέτι

991 1436 1044 1472 γὰρ
1056 1436 1131 1463 ἔσται
1149 1438 1290 1471 σωματικῇ
1310 1437 1445 1472 παχύτητι
1460 1437 1702 1472 συμπεπλεγμένη,
1716 1436 1778 1463 οὔτε

991 1484 1024 1517 τῇ
1054 1483 1209 1518 ίσοκροιτείᾳ
1230 1482 1283 1508 τῶν
1308 1483 1547 1517 ἀντιστοιχούντων
1574 1483 1779 1518 ἑμὸιοτεύουσα,

991 1525 1028 1556 ὧν
1046 1530 1062 1564 ὴ
1077 1529 1219 1564 ἰσόρροπος
1238 1529 1306 1564 πρὸς
1323 1528 1425 1564 ἄλληλα
1444 1529 1527 1563 μάχη,
1544 1529 1592 1565 τὴν
1607 1529 1735 1555 σύστασίν
1750 1538 1779 1555 τε

991 1575 1068 1610 ἡμῶν
1080 1576 1126 1601 καὶ
1137 1575 1185 1610 τὴν
1205 1575 1310 1609 ὑγίειαν
1325 1576 1405 1601 ποιεῖ.
1424 1575 1452 1601 'O
1470 1575 1524 1609 γὰρ
1546 1575 1714 1610 πλεονασμὸς
1726 1575 1780 1601 τῶν

991 1621 1119 1647 ἐναντίων
1132 1621 1204 1652 τινος
1218 1621 1264 1647 καὶ
1279 1621 1294 1655 ὴ
1308 1620 1435 1655 ἔλλειψις,
1447 1620 1532 1652 πάθος
1548 1621 1595 1647 καὶ
1610 1620 1780 1656 ἀρρώστημα

991 1667 1038 1702 τῆς
1054 1666 1161 1701 φύσεως
1176 1667 1279 1700 γίνεται
1293 1675 1299 1681 ·
1316 1665 1369 1702 ὲνῇ
1384 1667 1458 1692 οὐδὲν
1470 1665 1530 1692 οὔτε
1546 1666 1717 1692 συστέλλεται
1733 1675 1779 1692 κε-

991 1713 1129 1748 νούμενον,
1142 1712 1203 1738 οὔτε
1215 1713 1342 1747 δυσφορεῖ
1356 1711 1547 1747 φορτιζόμενον
1558 1717 1565 1724 ·
1581 1711 1649 1737 ἀλλὰ
1666 1711 1712 1737 καὶ
1726 1711 1781 1737 τῶν

990 1758 1023 1784 ἐκ
1037 1757 1082 1784 τοῦ
1097 1758 1176 1793 ἀέρος
1198 1757 1287 1792 ἀηδῶν
1304 1756 1356 1788 ἕξω
1373 1756 1530 1783 παντάπασι
1544 1755 1657 1789 γίνεται,
1683 1755 1780 1790 κρύους

991 1812 1019 1829 τε
1037 1803 1108 1837 λέγω
1125 1804 1170 1829 καὶ
1184 1803 1311 1834 θάλπους,
1324 1803 1370 1828 καὶ
1385 1802 1493 1828 πάντων
1508 1801 1563 1827 τῶν
1573 1801 1642 1828 κατὰ
1658 1800 1688 1827 τὸ
1700 1802 1779 1827 ἐναν-

990 1849 1046 1875 τίον
1063 1849 1213 1883 νοουμένων
1239 1848 1451 1883 ἀπηλλαγμένη·
1478 1848 1507 1873 ὲν
1522 1847 1634 1878 ἐκείνοις
1655 1847 1683 1872 δὲ
1705 1855 1780 1880 γινο-

993 1895 1070 1929 μένη,
1092 1896 1159 1921 ὅπου
1185 1895 1292 1921 πάντων
1314 1894 1368 1920 τῶν
1386 1893 1543 1927 ἀναγκαίων
1562 1894 1692 1928 καμάτων
1705 1893 1779 1918 ἐλευ-

992 1939 1057 1974 θέρα
1078 1948 1106 1965 τε
1128 1940 1174 1966 καὶ
1190 1940 1282 1970 ἄνετός
1305 1939 1409 1973 ἐστινὴ
1438 1939 1511 1974 ζωή·
1534 1939 1563 1964 οὐ
1581 1939 1623 1964 διὰ
1643 1938 1779 1973 γεωργίας

992 1985 1195 2016 κακοπαθοῦσαι,
1213 1986 1242 2011 οὺ
1259 1986 1322 2016 τους
1348 1985 1517 2015 διαποντίους
1542 1984 1713 2019 ὑπομένουσα
1731 1984 1779 2010 πό-

992 2040 1062 2062 νους,
1074 2032 1103 2056 οὺ
1120 2031 1163 2057 διὰ
1177 2032 1225 2066 τῆς
1242 2031 1393 2066 ἐμπορικῆς
1407 2030 1555 2065 καπηλείας
1571 2030 1777 2065 ἀσχημονοῦσα·

991 2077 1161 2112 οἰκοδομικῆς
1171 2086 1198 2103 τε
1213 2078 1259 2103 καὶ
1279 2078 1438 2111 ὑφαντικῆς,
1455 2077 1560 2111 καὶτῆς
1572 2076 1626 2102 τῶν
1638 2076 1778 2111 βαναύσων

992 2123 1092 2157 τεχνῶν
1107 2123 1293 2158 ταλαιπωρίας
1318 2123 1516 2157 κεχωρισμένη,
1532 2122 1634 2157 ἣρεμόν
1655 2131 1713 2148 τινα
1731 2122 1779 2148 καὶ

993 2169 1103 2203 ἡσύχιον
1128 2169 1214 2201 διάγει
1236 2169 1302 2202 βίον,
1331 2168 1422 2198 καθὼς
1445 2169 1458 2194 ὁ
1482 2168 1585 2198 Παῦλος
1613 2176 1704 2201 φησιν,
1730 2168 1799 2203 οὐχ,

993 2214 1195 2248 ἱππομαχοῦσα,
1215 2214 1243 2239 οὐ
1262 2213 1448 2248 ναυμαχοῦσα,
1473 2213 1502 2238 οὐ
1522 2213 1654 2247 συστάδην
1668 2212 1712 2238 διὰ
1728 2213 1778 2246 τῆς

992 2259 1106 2293 πεζικῆς
1123 2258 1299 2294 παρατάξεως
1321 2257 1542 2293 συμπλεκομένη,
1558 2258 1587 2283 οὐ
1607 2258 1674 2292 πρὸς
1696 2266 1777 2283 κατα-

993 2305 1091 2339 σκευὴν
1106 2305 1194 2330 ὅπλων
1216 2304 1412 2339 ἀτχολουμένη,
1440 2305 1469 2330 οὐ
1491 2304 1588 2338 φόρους
1619 2303 1776 2336 ἐκλέγουσα,

991 2352 1021 2377 οὐ
1035 2351 1154 2386 τάφρους
1167 2351 1213 2377 καὶ
1225 2351 1301 2385 τείχη
1322 2351 1572 2382 κατασκευάζουσα,
1588 2349 1655 2376 ἀλλὰ
1671 2349 1777 2374 πάντων

992 2398 1045 2423 τῶν
1063 2398 1189 2423 τοιούτων
1211 2398 1308 2431 ἀτελής
1327 2397 1368 2428 τίς
1388 2399 1445 2423 ἐστι
1471 2397 1517 2422 καὶ
1541 2395 1677 2430 ἐλευθέρα.
1700 2395 1776 2429 Μήτε

992 2444 1090 2478 ἔχουσα
1110 2444 1235 2478 πρᾶγμα,
1261 2444 1328 2477 μήτε
1347 2442 1515 2477 παρέχουσα,
1538 2442 1566 2467 ἑν
1583 2438 1599 2476 ᾗ
1623 2440 1727 2466 δουλεία
1747 2448 1776 2465 τε

993 2490 1038 2515 καὶ
1061 2490 1188 2524 κυριότης
1203 2490 1249 2515 καὶ
1270 2489 1358 2519 πενία,
1384 2488 1506 2521 εὐγένειά
1519 2496 1548 2512 τε
1564 2487 1609 2512 καὶ
1626 2486 1774 2518 δυσγένεια,

992 2536 1038 2560 καὶ
1057 2534 1174 2569 ἱδιωτικὴ
1187 2534 1357 2568 ταπεινότης,
1371 2534 1417 2559 καὶ
1435 2531 1602 2566 ἀξιωματικὴ
1621 2530 1774 2561 δυναστεία,

991 2580 1038 2606 καὶ
1055 2581 1128 2605 πᾶσα
1151 2579 1260 2613 τοιαύτη
1281 2578 1421 2613 ἀνωμαλία
1440 2577 1530 2612 χώραν
1547 2577 1596 2602 ούκ
1615 2575 1680 2609 ἔχει.
1703 2575 1774 2609 Παρ-

991 2626 1109 2660 αιρεῖται
1125 2625 1176 2659 γὰρ
1197 2626 1303 2651 πάντων
1324 2625 1426 2650 τούτων
1447 2623 1492 2648 καὶ
1509 2621 1561 2647 τῶν
1578 2621 1704 2646 τοιούτων
1726 2620 1775 2655 τὴν

991 2671 1122 2704 ἀνάγκην,
1136 2671 1165 2696 τὸ
1181 2671 1301 2700 ἀνενδεές
1314 2670 1362 2704 τ’,ς
1379 2669 1451 2702 ζωῆς
1463 2667 1567 2701 ἐκείνης
1585 2666 1630 2692 καὶ
1646 2666 1734 2695 fluam.
1747 2667 1775 2691 ἐν

992 2714 1048 2751 ᾗτὺ
1066 2716 1227 2749 ὁιακρατοῡν
1241 2717 1289 2750 τῆς
1303 2715 1389 2749 ψυχῆς
1406 2714 1452 2748 τὴν
1470 2713 1626 2742 ὑπόστασιν,
1645 2713 1674 2738 οὐ
1692 2710 1774 2746 ξηροῦ

991 2771 1018 2787 τε
1034 2762 1079 2787 καὶ
1099 2762 1181 2796 ὑγροῦ
1202 2763 1271 2792 τινός
1288 2763 1343 2786 ἐστι
1364 2760 1502 2794 μετουσία,
1524 2759 1581 2785 ἀλλ’
1602 2760 1618 2793 ἡ
1638 2758 1686 2792 τῆς
1701 2757 1774 2788 θείας

992 2807 1096 2841 ςυπως
1113 2808 1284 2841 κατανόησις,
1298 2807 1355 2833 ἀντὶ
1371 2807 1396 2832 δὲ
1410 2806 1454 2832 τοῦ
1475 2804 1595 2834 ἐνα;ρίου
1610 2804 1771 2834 πνεύματος.
