1878 3036
131 174 178 202 250
743 169 772 196 S.
791 169 954 197 GREGOtiu
973 170 1119 198 NYSSENl
1691 168 1743 196 260

131 236 205 266 parte
226 229 335 257 malitiae
351 229 489 264 capimus,
506 231 611 255 tantum
636 235 669 254 ex
692 228 778 254 altera
800 229 912 255 virtutis
928 231 949 258 A
963 230 1016 256 Τοῦ
1037 230 1090 265 γὰρ
1110 228 1342 265 περιδραξαμὲνου
1359 226 1408 262 τῆς
1431 234 1527 260 κακῑας
1541 227 1577 262 ,ἢ
1597 226 1682 262 ἀρετὴ
1697 228 1746 262 τῆς

129 277 291 302 :mittimus
316 275 385 306 Sed,
411 279 439 301 ut
456 283 489 300 eo
508 275 578 301 umle
599 275 722 309 digressa
747 279 806 306 est,
823 282 913 301 rever-

132 328 203 349 tatur
219 323 322 353 oratio,
339 328 392 347 una
407 325 449 348 cst
465 320 497 346 ad
515 328 608 354 puram
624 321 798 354 divinamque
813 321 892 346 vitam
904 340 911 351 ‚

132 369 256 395 virtutem
272 366 427 393 amantibus
444 367 534 397 via,ut
548 370 715 400 cognoscant
733 365 796 399 quid
812 365 913 391 Christi

126 413 291 442 vocabulum
308 413 460 447 significet,
476 412 555 446 eique
570 411 677 438 vivendi
694 412 826 438 rationem
841 418 873 436 ex
889 412 912 436 vi

126 464 289 487 sanctorum
310 459 454 485 nominum
471 458 573 484 virtute
589 458 735 491 expolitam
754 461 779 484 et
801 456 915 483 conciu-

129 512 192 530 nam
221 503 443 531 accommodent.
471 503 647 537 Quaecunque
670 503 752 536 igitur
778 502 858 528 verba
882 508 914 527 ex

129 555 226 576 sancta
240 550 316 576 Pauli
330 550 454 577 doctrina
468 549 568 576 Christi
584 548 809 583 significationem
828 547 914 581 expli-

130 596 220 622 cantia
234 596 369 623 orationis
384 596 462 622 initio
477 596 666 623 recensuimus
681 616 688 627 ‚
705 602 736 622 ea
750 595 772 621 si
785 594 863 620 nobis
878 594 914 619 ila

133 649 321 676 proponamus
333 663 339 674 ,
356 646 385 667 ut
400 642 517 676 partim,
535 641 763 676 quemadmodum
779 640 913 669 diximus,

131 688 282 719 imitemur,
301 687 400 722 partim
422 687 563 718 colamus,
586 687 753 713 tutissimum
777 686 856 712 nobis
882 685 915 711 ad

134 732 203 759 bene
219 733 350 767 beateque
367 732 512 759 vivendum
529 732 632 759 aditum
648 733 813 758 muniemus.
828 733 847 758 Α
864 731 916 766 pri-

131 778 184 805 mis
200 778 290 813 igitur,
303 786 364 805 eum
381 781 520 805 servantes
535 777 656 804 ordinem
669 799 674 810 ‚
686 785 764 812 quem
778 778 862 804 series
876 785 917 803 eo-

132 832 203 853 rum.
219 824 344 858 quaejam
357 823 586 855 enumeravimus,
599 824 728 857 suggerit,
740 823 915 858 incipiamus:

133 870 258 896 Christus
275 870 318 895 Dei
335 870 422 896 virtus
438 874 464 896 ct
480 869 614 903 supientia
631 869 650 895 ⁶.
668 868 705 894 Ex
725 869 767 896 his
784 869 917 895 discimus

963 276 1046 310 λαὸἦς
1075 276 1264 310 ἐξωλίσθησεν.
1292 273 1395 300 Οὐκοῦν
1422 272 1501 298 πάλιν
1528 272 1573 299 τὸν
1602 273 1629 305 ἐξ
1660 273 1747 307 ἀρχῆς

964 321 1142 356 ἀναλαὸωμεν
1157 321 1244 354 λόγον,
1258 321 1298 346 ὅτι
1318 319 1365 353 μία
1382 317 1448 352 πρὸς
1465 317 1513 351 τὴν
1526 317 1645 352 καθαράν
1658 326 1686 343 τε
1701 317 1747 343 καὶ

965 366 1038 392 θείαν
1051 366 1123 401 ζωήν
1141 367 1198 391 ἑστι
1220 366 1274 395 τοῖς
1301 363 1453 398 φιλαρὲτοις
1469 362 1536 393 ὁδὸς,
1550 362 1650 395 γνῶναι
1661 362 1686 387 τί
1700 371 1748 396 ση-

966 412 1054 447 μαίνει
1070 412 1116 437 τοῦ
1138 411 1255 446 Χριστοῦ
1271 410 1301 436 τὸ
1327 410 1412 443 ὄνομα
1425 428 1431 439 ,
1449 405 1470 440 ᾧ
1487 408 1538 442 χρὴ
1557 408 1603 433 καὶ
1619 408 1664 433 τὸν
1685 409 1749 442 ὴμέ-

964 465 1042 491 τερον
1056 456 1287 491 συμμορφωθῆναι
1305 455 1371 489 βίον,
1389 454 1431 480 διὰ
1446 454 1494 488 τῆς
1511 454 1564 479 τῶν
1576 453 1676 479 λοιπῶν
1692 453 1749 479 ὀνο-

968 502 1058 536 μάτων
1095 501 1238 535 ἐμφάσεως
1264 501 1304 530 είς
1328 498 1426 534 ἀρετὴν
1456 497 1661 533 ρυθμιζόμενον.
1680 497 1750 523 Ὅσα

965 548 1053 574 τοίνυν
1069 549 1096 573 ἐν
1120 549 1175 578 τοῖς
1195 546 1347 581 προοιμίοις
1369 545 1415 571 τοῦ
1429 545 1507 579 λόγου
1525 545 1635 580 ῥήματά
1658 552 1687 569 τε
1705 544 1751 570 καὶ

966 594 1084 628 ὀνόματα
1095 593 1170 627 παρὰ
1189 593 1237 627 τῆς
1264 592 1345 625 ἁγίας
1359 591 1405 617 τοῦ
1429 590 1534 616 Παύλου
1558 590 1648 624 φωνῆς
1663 590 1750 624 ἑρμην

967 640 1076 666 νευτικὰ
1100 639 1148 674 τῆς
1164 638 1208 664 τοῦ
1226 637 1342 672 Χριστοῦ
1369 637 1506 672 σημασίας
1533 635 1750 670 συνελεξάμεθα,

967 687 1052 714 ταῦτα
1079 686 1224 721 προθέντες
1242 686 1280 715 εἰς
1303 686 1352 719 τὴν
1377 684 1559 718 προκειμένην
1585 684 1649 718 ἡμῖν
1667 692 1752 709 σπου-

967 734 1024 769 δὴν,
1038 732 1242 767 ἀσφαλεστάτην
1259 731 1367 765 ὀδηγίαν
1380 731 1419 761 εἰς
1435 729 1480 756 τὸν
1495 729 1550 763 βίον
1562 729 1605 755 τὸν
1615 729 1674 755 κατ’
1687 729 1748 764 ἀρε-

968 780 1015 814 τὴν
1030 777 1208 814 ποιησόμεθα,
1224 777 1258 803 τὰ
1286 777 1335 810 μὲν
1358 776 1529 811 μιμούμενοι,
1547 774 1636 806 καθὼς
1656 775 1684 800 ὲν
1697 775 1753 806 τοῖς

969 825 1102 859 φθάσασιν
1120 824 1236 858 εἴρηται,
1249 822 1323 859 τάδε
1345 820 1560 856 προσκυνοῦντες
1582 820 1630 846 καὶ
1644 819 1754 850 <xz-2602&-

971 880 1056 907 μενοι,
1074 869 1194 896 Γενέσθω
1217 868 1244 895 δὲ
1261 869 1326 903 ἡμῖν
1338 868 1414 900 τάξις
1437 867 1490 893 τῶν
1508 866 1658 901 εἰρημένων
1672 866 1688 900 ἡ
1702 865 1754 891 ἀπ-

133 921 164 940 ea
179 921 239 948 qua:
255 913 390 939 divinitati
406 914 589 945 conveniunt,
602 921 634 940 ex
646 913 744 948 quibus
756 913 856 940 Christi
870 921 919 940 no·
935 904 955 930 B
970 917 1126 952 αρίομησις,
1142 914 1245 941 Οὐκοῦν
1260 915 1313 940 ἀπὸ
1329 914 1381 940 τῶν
1396 913 1510 948 πρώτων
1525 912 1670 948 ἀρξόμεθα·
1688 912 1755 946 Χρι-

134 968 195 986 men
215 959 294 986 nobis
315 959 498 986 venerandum
519 958 642 985 eflicitur.
668 959 774 985 Etenim
794 958 856 992 quia
875 966 918 986 res

134 1013 240 1037 omnes,
256 1013 315 1039 quae
331 1006 371 1031 rel
387 1013 468 1031 sensu
486 1005 684 1039 percipiuntur,
702 1004 743 1031 vel
760 1012 857 1031 sensus
873 1013 919 1031 su-

134 1057 229 1086 perant
245 1051 446 1086 cognitionem,
464 1059 511 1085 per
527 1051 615 1085 ipsum
632 1050 734 1078 effeetae
750 1055 829 1083 sunt,
848 1056 874 1078 et
892 1051 918 1077 in

135 1097 195 1132 ipso
210 1099 374 1129 consistunt,
385 1098 540 1124 necessario
555 1098 587 1124 ad
603 1097 784 1124 definiendam
802 1097 920 1124 nominis

135 1143 223 1174 illius,
245 1143 290 1177 qui
307 1148 405 1170 cuncta
423 1143 594 1178 procreavit,
613 1143 855 1178 significationem,
874 1151 919 1169 sa—

135 1189 237 1223 pientia
252 1194 278 1216 et
292 1190 378 1215 virtus
395 1189 606 1223 conjunguntur.
622 1188 688 1215 Nam
706 1196 740 1216 ex
759 1189 864 1216 duabus
878 1188 920 1215 his

135 1236 248 1262 vocibus
269 1236 306 1261 ita
323 1235 457 1269 copulatis
479 1235 504 1261 id
526 1235 722 1269 intelligimus;
744 1242 833 1268 neque
847 1234 919 1261 enim

135 1285 227 1307 essent
248 1281 304 1307 luee
325 1288 421 1314 magna
442 1284 468 1307 et
490 1287 550 1313 quae
570 1280 644 1306 nulla
669 1280 773 1306 ratione
790 1279 921 1313 explicari

136 1330 251 1359 possunt
274 1329 462 1351 creaturarum
487 1325 638 1355 miracula,
661 1324 713 1351 nisi
737 1328 763 1351 et
787 1323 919 1358 sapientia

136 1380 230 1398 eorum
246 1371 465 1405 procreationem
480 1370 681 1404 excogitasset,
700 1374 726 1397 et
741 1370 828 1396 virtus
841 1390 848 1400 ,
863 1377 923 1403 quae

137 1426 186 1453 per
210 1417 374 1452 sapientiam
401 1417 555 1451 excogitata
582 1416 709 1448 fuerant,
736 1416 922 1446 confecisset;

138 1472 187 1500 per
210 1464 337 1490 virtutem
364 1463 437 1490 enim
463 1462 550 1497 ipsius
577 1462 718 1497 sapientiae
743 1462 924 1496 cogitationes

137 1517 220 1544 opera
237 1514 310 1536 sunt.

972 963 1042 994 στος,
1056 963 1131 997 φησι,
1141 961 1206 987 Θεοῦ
1219 961 1331 995 δύναμις
1344 960 1390 986 καὶ
1404 959 1470 985 Θεοῦ
1487 959 1577 993 σοφία.
1591 958 1640 984 Διὰ
1654 957 1756 984 τούτων

971 1008 1077 1043 πρῶτον
1096 1007 1144 1042 μὲν
1169 1006 1219 1037 τὰς
1245 1006 1405 1040 θεοπρεπεῖς
1434 1004 1537 1034 ἑννοίας
1564 1003 1607 1029 διὰ
1633 1003 1683 1038 τῆς
1708 1003 1755 1029 τοῦ

971 1053 1087 1089 Χριστοῦ
1100 1052 1283 1088 προσηγορίας
1301 1051 1470 1086 μανθάνομεν
1482 1069 1489 1081 ,
1506 1049 1539 1076 δι’
1558 1047 1594 1076 ὧν
1612 1049 1757 1083 σεῧὰσμιον

972 1100 1037 1134 ήμῖν
1055 1099 1084 1125 τὸ
1099 1099 1183 1133 ὄνομα
1209 1098 1323 1131 γίνεται.
1345 1096 1452 1130 Ἐπειδὴ
1467 1095 1520 1130 γὰρ
1534 1096 1608 1122 πᾶσα
1627 1095 1643 1130 ἡ
1659 1094 1757 1126 κτίσις,

972 1146 1020 1179 ὅση
1032 1153 1062 1170 τε
1079 1145 1111 1179 τῇ
1129 1144 1253 1178 αἰσθήσει
1267 1142 1440 1176 γινώσκεται,
1454 1142 1499 1167 καὶ
1510 1142 1526 1175 ὴ
1538 1141 1586 1176 τῆς
1599 1140 1759 1176 αἰσθητικῆς

973 1191 1158 1225 ὑπερκειμένη
1184 1190 1381 1224 κατανοήσεως,
1397 1187 1429 1214 δι’
1442 1187 1523 1213 αὑτοῦ
1546 1187 1651 1220 γέγονε,
1667 1185 1713 1212 καὶ
1730 1186 1759 1212 ἐν

973 1236 1046 1271 αὐτῷ
1067 1236 1238 1269 συνέστηκεν,
1251 1235 1405 1268 ἀναγκαίως
1431 1233 1499 1268 πρὸς
1514 1233 1559 1259 τὸν
1575 1232 1686 1267 ὁρισμὸν
1709 1232 1760 1266 τῆς

973 1281 1019 1307 τοῦ
1040 1280 1154 1315 Χριστοῦ
1175 1280 1325 1314 παρουσίας
1337 1278 1384 1304 τοῦ
1401 1278 1435 1304 τὰ
1450 1278 1538 1304 πάντα
1556 1277 1730 1311 ποιήσαντος,
1742 1276 1759 1310 ἡ

975 1326 1054 1360 σοφία
1062 1327 1094 1360 τῇ
1105 1325 1217 1359 δυνάμει
1233 1323 1425 1358 συμπλέκεται.
1436 1322 1521 1348 Τοῦτο
1536 1321 1665 1348 νοούντων
1680 1320 1759 1356 ἡμῶν

974 1371 1016 1397 διὰ
1028 1371 1076 1405 τῆς
1091 1369 1143 1395 τῶν
1158 1369 1203 1395 δύο
1227 1369 1328 1394 τούτων
1346 1367 1441 1401 φωνῶν
1457 1366 1597 1400 συζυγίας,
1611 1367 1660 1402 τῆς
1680 1366 1760 1393 δυνά-

977 1416 1047 1450 μεώς
1063 1424 1091 1441 τε
1102 1415 1173 1448 λέγω
1189 1415 1235 1440 καὶ
1251 1414 1301 1448 τῆς
1315 1413 1424 1447 σοφίας,
1444 1414 1484 1439 ὅτι
1496 1413 1545 1439 οὐκ
1559 1412 1591 1439 ἂν
1607 1411 1640 1448 ἦν
1656 1412 1689 1439 τὰ
1712 1420 1761 1447 με·

975 1461 1044 1494 γάλα
1070 1461 1156 1487 ταῦτα
1178 1461 1224 1486 καὶ
1250 1460 1376 1494 ἄφραστοι
1402 1460 1452 1494 τῆς
1477 1459 1592 1490 κτίσεως
1615 1458 1740 1494 θαύματα
1752 1477 1761 1490 ,

978 1508 1014 1542 μὴ
1033 1507 1127 1541 σοφίας
1146 1507 1193 1542 μὲν
1209 1506 1257 1541 τὴν
1272 1506 1378 1539 γένεσιν
1392 1505 1481 1532 αὐτῶν
1501 1504 1668 1539 ἐπινοούσης,
1682 1503 1761 1530 δυνά-

141 1563 212 1589 μῑως
228 1555 255 1580 δὲ
271 1556 303 1589 τῇ
320 1554 399 1589 σοφίᾳ
417 1553 646 1588 παρομαρτούσης
661 1554 728 1589 προς
744 1553 791 1588 τὴν
805 1554 857 1580 τῶν
876 1552 1023 1588 νοηθὲν-των
1036 1552 1186 1583 τελείωσιν,
1200 1552 1232 1577 δι’
1248 1550 1282 1586 ἧς
1296 1551 1365 1586 ἔργα
1380 1551 1413 1576 τὰ
1429 1551 1551 1585 νοήματα
1571 1549 1684 1584 γίνεται.

174 1599 277 1626 Christi
294 1600 376 1634 igitur
392 1599 554 1634 significatio
571 1600 598 1625 in
615 1599 685 1626 hanc
699 1599 834 1633 duplicem
849 1599 900 1625 vim
915 1618 922 1630 ,
939 1600 960 1629 C

140 1646 303 1679 sapientiam
334 1645 441 1671 scilicet
470 1645 654 1678 virtutemque
670 1665 677 1676 ,
704 1644 845 1675 dissditur,
874 1648 923 1673 ut,

141 1691 252 1726 quando
273 1698 364 1717 rerum
381 1690 564 1716 universitatis
583 1689 797 1724 magnitudinem
826 1688 926 1722 aspici-

141 1745 202 1764 mus
214 1758 220 1769 ,
236 1745 267 1763 ex
283 1744 313 1763 ea
328 1736 490 1762 immensam
508 1734 554 1762 Dei
571 1735 698 1760 virtutem
713 1740 924 1768 cognoscamus.

142 1781 257 1814 Quando
272 1786 360 1807 autem
375 1780 580 1807 consideramus
594 1787 712 1814 quonam
725 1778 804 1805 modo
821 1786 851 1805 ea
867 1786 927 1812 ηοω

142 1828 217 1854 nulla
235 1827 352 1858 fuerant,
372 1827 461 1861 genita
487 1826 551 1857 sint,
569 1833 624 1852 tam
645 1825 805 1852 multiformi
829 1830 926 1850 natura

142 1874 169 1900 in
190 1873 270 1899 rebus
290 1880 337 1906 per
359 1872 481 1898 divinum
507 1871 638 1906 Spiritum
655 1871 822 1902 exsistente,
842 1870 927 1896 inere-

143 1918 254 1946 dibilem
273 1918 360 1952 ipsius
378 1917 422 1951 qui
439 1917 484 1944 illa
500 1916 663 1951 excogitarit
679 1915 842 1950 sapientiam
861 1915 926 1941 ado-

143 1973 236 1992 remus
252 1969 278 1991 et
293 1964 475 1998 suspiciamus
487 1983 493 1995 ‚
507 1963 586 1998 cujus
602 1964 718 1997 cogitata
733 1964 791 1997 ipsa
808 1966 870 1989 sunt
887 1961 927 1987 sa-

144 2015 206 2037 cta:
222 2018 309 2044 neque
326 2018 390 2036 vero
405 2010 500 2044 ignava
521 2010 573 2036 erit
595 2009 652 2035 haec
675 2009 740 2035 (ides
753 2028 759 2039 ,
780 2016 834 2042 qna
854 2007 930 2033 Chri—

145 2060 216 2082 stum
236 2063 296 2081 esse
311 2056 436 2081 virtutem
451 2060 476 2081 et
492 2055 651 2089 sapientiam
668 2054 814 2085 credimus,
833 2053 879 2080 sed
896 2054 928 2079 ad

144 2100 210 2126 boni
233 2100 456 2133 dijudicationem
482 2100 562 2126 nobis
584 2100 637 2126 erit
659 2100 829 2133 adjumento.
851 2099 929 2131 Quod

145 2147 217 2172 enim
235 2146 295 2180 quis
312 2146 470 2180 supplicans
486 2146 614 2179 appellat,
632 2145 659 2171 id
671 2145 703 2171 ad
716 2145 834 2179 seipsum
851 2145 930 2171 obse-

146 2191 249 2217 crando
265 2191 347 2217 trabit
361 2195 387 2217 et
403 2191 495 2223 ducit;
517 2196 597 2225 atque
615 2191 774 2216 interiorem
792 2190 928 2216 hominem

146 2238 246 2263 virtute
266 2237 301 2262 ita
322 2237 498 2267 corroborat,
523 2242 550 2262 ut
570 2237 719 2270 Apostolus
745 2237 777 2262 ad
800 2237 928 2263 virtutem

149 2284 301 2317 respiciens
325 2283 411 2309 dicit:
439 2283 564 2309 Christus
586 2287 675 2309 autem
698 2287 739 2309 est
761 2283 808 2309 Dei
831 2283 927 2309 virtus.

147 2329 180 2360 Et
196 2330 304 2363 sapiens
329 2328 370 2359 lit,
389 2333 417 2354 nt
433 2329 459 2354 in
476 2328 630 2355 Proverbiis
647 2333 738 2362 patet,
757 2329 802 2362 qui
820 2329 929 2362 sapien-

147 2376 212 2401 tiam
230 2375 335 2401 invocat
348 2394 354 2405 ,
372 2383 432 2408 qna:
449 2375 560 2400 omnino
579 2374 710 2401 Dominus
725 2382 786 2401 esse
804 2374 931 2408 intelligi-

148 2425 193 2446 tur
206 2421 226 2445 Ἴ.
245 2420 334 2452 Quare
352 2420 414 2451 ille,
438 2420 484 2453 qui
500 2428 597 2445 nomen
614 2420 723 2447 habeta
738 2420 849 2446 Christo
861 2439 867 2451 ,
885 2420 930 2454 qui

147 2467 236 2491 virtus
261 2469 302 2491 est
317 2468 343 2491 et
359 2465 505 2499 sapientia,
518 2465 605 2491 virtus
619 2466 699 2491 etiam
715 2473 775 2491 cum
791 2473 823 2491 eo
839 2466 931 2499 appel-

148 2511 232 2541 latur,
248 2518 310 2536 cum
328 2510 458 2537 advorsus
476 2515 618 2544 peccatum
640 2515 750 2537 strenue
771 2518 801 2537 ae
826 2511 932 2537 sortiter

149 2560 251 2590 pugnat
269 2565 275 2582 2
293 2556 355 2581 dum
374 2555 478 2581 veroid
502 2556 574 2590 quod
601 2556 698 2583 melius
721 2561 763 2583 est
788 2557 879 2591 eligit,
904 2557 931 2583 in

149 2602 241 2635 seipso
260 2601 422 2635 sapientiam
442 2601 572 2628 ostendit.
593 2602 650 2633 Qua
667 2602 776 2635 quidem
792 2602 932 2636 sapientiae

149 2647 315 2680 virtutisque
331 2646 525 2680 conjunctione
538 2647 590 2672 vita
603 2647 722 2681 perl‘eeta
735 2638 913 2674 constituitur
925 2657 932 2681 ;

150 2691 234 2716 altera
251 2693 340 2722 enim,
357 2699 417 2724 quas
438 2696 511 2717 reeta
534 2691 702 2726 honestaque
721 2697 802 2723 sunt,
827 2694 931 2728 perspi-

150 2735 238 2761 cimus
252 2744 258 2761 :
275 2735 357 2761 altera
374 2756 380 2766 ,
397 2743 456 2769 qum
474 2739 617 2770 perspecta
640 2736 770 2763 habemus
783 2757 789 2768 ,
805 2738 931 2771 exsequi-

151 2788 211 2806 mur
230 2784 256 2806 et
276 2780 481 2807 confirmamus.
495 2780 553 2807 Jam
571 2788 636 2807 vero
651 2780 790 2809 Christum
807 2790 868 2810 esse
886 2791 931 2817 pa-

196 2867 226 2894 ⁶1
246 2868 307 2895 Cor.
325 2875 342 2901 i,
360 2867 404 2894 22.
442 2868 450 2883 ⁷
471 2867 551 2895 Prov.
566 2875 597 2901 n,
613 2868 630 2894 Ξ.)
644 2875 704 2903 sqq.

1012 1597 1159 1632 Μερίζεται
1177 1597 1266 1623 τοίνυν
1284 1596 1458 1631 καταλλήλως
1472 1597 1511 1626 είς
1535 1595 1630 1630 διπλῆν
1645 1595 1762 1630 ἐ’μφασιν

977 1644 1006 1669 τὸ
1021 1643 1066 1669 τοῦ
1082 1643 1199 1677 Χριστοῦ
1219 1642 1415 1678 σημαινόμενον
1425 1662 1431 1674 ,
1447 1643 1486 1673 εἰς
1500 1641 1548 1676 τὴν
1566 1641 1661 1676 σοφίαν
1674 1650 1703 1667 τε
1717 1641 1764 1667 καὶ

977 1689 1024 1723 τὴν
1037 1689 1160 1723 δύναμιν,
1175 1689 1206 1714 ἵν’
1223 1689 1286 1714 ὅταν
1304 1688 1352 1722 μὲν
1368 1688 1436 1723 πρὸς
1457 1688 1486 1714 τὸ
1510 1687 1625 1722 μέγεθος
1645 1689 1693 1722 τῆς
1709 1687 1763 1713 τῶν

977 1734 1060 1760 ὄντων
1076 1735 1229 1765 συστάσεως
1239 1734 1445 1769 ἀποίλὲψωμεν,
1463 1734 1511 1768 τὴν
1527 1734 1664 1769 ἄφραστον
1681 1733 1763 1760 αὑτοῦ

977 1781 1089 1815 δύναμιν
1103 1780 1146 1806 διὰ
1158 1780 1211 1806 τῶν
1220 1780 1502 1815 καταλαμὸανομένων
1518 1780 1668 1814 νοήσωμεν.
1681 1780 1763 1806 Ὅταν

977 1824 1005 1851 δὲ
1022 1825 1191 1860 λογιζώμεθα
1206 1826 1245 1851 ὅτι
1258 1825 1292 1851 τὰ
1308 1826 1344 1859 μὴ
1359 1825 1424 1851 ὄντα
1439 1824 1576 1859 παρῆλθεν
1589 1826 1628 1855 είς
1647 1825 1763 1858 γένεσιν,

978 1872 1026 1906 τῆς
1048 1871 1202 1901 πολυειδοῦς
1221 1871 1249 1896 ὲν
1266 1872 1322 1901 τοῖς
1345 1868 1403 1896 οὖσι
1426 1870 1533 1904 φύσεως
1554 1869 1597 1895 διὰ
1614 1869 1685 1895 θείου
1702 1869 1763 1895 νεύ-

981 1926 1063 1952 ματος
1090 1917 1286 1951 οὺσιωθείσης,
1303 1916 1362 1942 τότε
1387 1915 1434 1950 τὴν
1454 1915 1644 1949 ἀκατάληπτον
1669 1915 1764 1948 σοφίαν

978 1964 1023 1989 τον
1039 1962 1153 1998 Χριστὸν
1173 1962 1317 1988 πιστεύειν,
1330 1963 1362 1987 Ὃ
1377 1962 1431 1996 γὰρ
1446 1970 1488 1992 τις
1501 1961 1666 1987 ἐπικαλεῖται
1682 1969 1765 1995 προσ4

980 2009 1134 2043 ευχὸμενος,
1152 2007 1197 2033 καὶ
1214 2008 1280 2042 προς
1294 2008 1307 2033 ὃ
1325 2007 1417 2041 βλέπει
1431 2007 1470 2041 τῷ
1487 2007 1535 2040 τῆς
1554 2007 1642 2041 ψυχῆς
1665 2006 1764 2040 ὀφθαλ-

982 2055 1033 2090 μῷ,
1053 2055 1129 2080 τοῦτο
1148 2054 1213 2089 πρὸς
1242 2054 1336 2080 ἑαυτὸν
1360 2053 1403 2080 διὰ
1425 2052 1477 2087 τῆς
1501 2053 1583 2087 εὐχῆς
1598 2053 1764 2078 ἐπισπᾶται·

981 2102 1026 2127 καὶ
1039 2101 1108 2126 οὕτω
1123 2100 1234 2134 δυνάμει
1254 2109 1283 2126 τε
1302 2098 1477 2134 κραταιοῦται
1497 2098 1563 2133 πρὸς
1577 2098 1621 2124 τὸν
1641 2098 1694 2124 ἔσω
1718 2098 1765 2124 ἄν·

981 2148 1102 2182 θρωπον,
1130 2146 1219 2177 καθώς
1249 2155 1329 2180 φησιν
1352 2146 1365 2171 ὁ
1400 2145 1578 2175 Ἀπόστολος,
1593 2144 1607 2169 ὁ
1624 2144 1690 2178 πρὸς
1716 2143 1766 2179 τὴν

981 2192 1093 2226 δύναμιν
1109 2192 1212 2225 βλέπων
1229 2191 1361 2226 (Χριστὸς
1386 2190 1413 2216 δέ
1438 2191 1510 2215 εστιν
1529 2190 1545 2223 ἡ
1561 2188 1702 2223 δύναμις),
1720 2187 1766 2214 καὶ

983 2237 1062 2270 σοφὸς
1090 2237 1205 2270 γίνεται,
1220 2235 1310 2266 καθὼς
1335 2236 1350 2270 ὴ
1367 2235 1503 2269 Παροιμίαι
1520 2234 1611 2268 φησιν,
1623 2235 1636 2259 ὁ
1658 2232 1705 2267 τὴν
1721 2241 1765 2258 σο-

984 2283 1046 2316 φίαν
1071 2282 1291 2316 ἐπικαλούμενος,
1306 2281 1365 2315 ἣτις
1390 2280 1469 2306 πάλιν
1498 2281 1595 2306 νοεῖται
1621 2280 1634 2304 ὁ
1654 2278 1764 2313 Κύριος.

984 2328 1086 2354 Οὐκοῦν
1104 2328 1164 2361 6τῷ
1180 2327 1288 2362 Χριστῷ
1306 2326 1599 2360 συνονομαζόμενος,ὅς
1614 2326 1670 2350 ἐστι
1688 2324 1767 2350 δύνα-

985 2375 1030 2408 μίς
1045 2383 1072 2399 τε
1096 2374 1142 2399 καὶ
1160 2373 1254 2406 σοφία,
1280 2372 1326 2398 καὶ
1348 2373 1379 2406 τῇ
1404 2371 1516 2405 δυνάμει
1541 2369 1766 2404 συνονομάζεται,

983 2419 1147 2453 δυναμωθεὶς
1162 2418 1232 2445 κατὰ
1255 2418 1303 2452 τῆς
1319 2417 1462 2452 ἁμαρτίας,
1487 2417 1533 2443 καὶ
1555 2417 1604 2450 τὴν
1622 2417 1716 2452 σοφίαν
1739 2417 1767 2441 ἐν

984 2465 1071 2499 ἑαυτῷ
1090 2463 1177 2495 δείξει,
1193 2466 1225 2498 τῇ
1241 2464 1337 2498 ἐκλογῇ
1348 2463 1392 2488 τοῦ
1410 2463 1550 2497 βελτίονος.
1568 2462 1665 2496 Σοφίας
1676 2462 1703 2487 δὲ
1721 2463 1768 2487 καὶ

981 2509 1120 2543 δυνάμεως
1144 2509 1172 2534 ἐν
1187 2509 1251 2542 ἡμῖν
1277 2507 1468 2542 δεικνυμένων,
1484 2507 1532 2541 τῆς
1559 2506 1607 2540 μὲν
1630 2506 1659 2531 τὸ
1687 2505 1767 2531 καλὸν

982 2554 1156 2589 αἱρουμένης,
1172 2554 1219 2588 τῆς
1235 2554 1261 2579 δὲ
1276 2553 1416 2587 δυνάμεως
1430 2553 1460 2578 τὸ
1484 2551 1576 2586 νοηθὲν
1599 2550 1767 2585 βεὸαιούσης,

982 2599 1159 2634 κατορθοῦται
1174 2598 1219 2624 τοῦ
1234 2599 1291 2632 βίου
1307 2598 1336 2623 το
1352 2598 1453 2623 τέλειον
1471 2596 1503 2622 δι’
1523 2597 1622 2630 ἀμφοῖν
1647 2596 1768 2629 συμπλε-

982 2644 1104 2678 κόμενον.
1131 2643 1208 2669 Οὕτω
1225 2644 1270 2669 καὶ
1289 2644 1398 2678 εἰρήνην
1411 2642 1455 2667 τὸν
1472 2641 1587 2676 Χριστὸν
1611 2642 1766 2676 νοήσαντες,

985 2690 1072 2724 ἀληθῆ
1088 2690 1132 2715 τοῦ
1150 2689 1266 2724 Χριστοῦ
1287 2689 1334 2723 τὴν
1350 2687 1444 2721 κλῆσιν
1462 2686 1503 2720 ἐφ’
1516 2685 1618 2712 ἑαυτῶν
1638 2685 1767 2716 ἐπιδείξο-

988 2744 1047 2770 μεν,
1060 2736 1106 2761 ἐὰν
1124 2735 1166 2761 διὰ
1185 2736 1233 2769 τῆς
1251 2736 1279 2760 ἑν
1301 2735 1367 2769 ἡμῖν
1393 2734 1502 2768 εἰρήνης
1521 2732 1565 2758 τὸν
1590 2731 1705 2766 Χριστὸν
1730 2731 1768 2765 τῷ

989 2783 1037 2818 βίῳ
1053 2781 1258 2816 ἐπιδειξιῖηιεθα.
1281 2781 1398 2811 Ἐκεῖνος
1423 2778 1472 2814 τὴν
1496 2778 1594 2813 ἔχθραν
1609 2778 1768 2810 ἀπέκτεινε,
