1878 3036
188 95 239 121 :m

789 100 816 126 S.
838 100 1000 129 GREGonu
1020 102 1165 131 Nt'ssssm

1761 113 1810 141 fiis

189 152 332 179 accessio?
348 153 420 185 Quod
436 155 521 185 deficit
547 157 645 190 deficit.
662 158 698 184 ait
713 158 847 193 quispiam
864 168 895 187 ex
908 168 967 195 pro·
986 164 1007 191 Α
1025 164 1078 197 ρῶν
1089 163 1166 197 ἡμῶν
1182 164 1197 198 ἡ
1215 164 1318 199 εἰρήνη.
1341 165 1371 192 ’Ὠ
1385 166 1438 191 τῶν
1461 167 1567 193 κακῶν-1
1585 168 1742 204 Προάγομαι
1755 171 1807 207 γὰρ

188 198 276 231 phetis
288 199 321 227 ³¹.
341 200 409 234 quod
434 202 547 227 morinu-
569 203 681 229 moritur
701 212 710 230 :
732 205 802 238 quod
824 206 971 239 aberravit,

189 250 241 269 nou
260 246 423 278 revertitur;
452 248 570 274 solutum
594 253 635 275 est
653 249 791 276 vinculum
817 251 970 282 charitatis.

186 289 297 323 abrepta
313 296 354 317 est
373 299 423 325 pax
445 300 476 318 ex
503 293 638 321 thesauris
659 296 772 322 nostris.
791 296 812 322 0
828 304 883 323 rein
899 297 971 323 cala-

187 335 329 362 mitosam!
346 337 417 371 cogit
431 338 502 364 euim
519 347 561 366 mc
576 340 639 366 mali
657 349 687 368 ac
699 341 801 369 doloris
813 343 971 376 magnitudo

185 379 377 414 ingemiscere3
408 390 500 410 nostra
516 389 574 411 erat
590 386 654 412 olim
679 388 817 421 possessio
833 388 967 420 charitas;

186 429 296 459 paterna
313 432 404 454 nostra
419 429 474 456 lime
492 430 647 464 haereditas,
662 440 741 467 quam
758 441 805 467 per
816 433 964 467 discipulos

183 477 249 497 suos
266 471 346 499 nohis
366 472 496 502 Dominus
514 476 744 504 thesaurizaverat
760 478 864 510 diceus,
889 477 968 504 Man-

181 516 273 542 dauon
287 526 380 544 novum
392 519 425 545 do
440 521 524 552 vobis,
541 527 568 547 u!
580 522 697 557 diligatis
709 524 818 550 int-icem
830 523 866 549 ¹⁵³:
885 523 964 550 istam

184 565 273 588 autem
299 563 481 592 haercdit—atem
507 567 523 592 ii
547 568 667 601 quidem,
694 569 738 602 qui
756 569 855 596 deinde
879 570 965 596 secuti

182 611 256 639 sunt,
271 615 445 638 successores
458 611 503 638 filii
520 619 534 638 a
549 613 673 646 patribus
689 614 782 641 ordine
800 614 965 648 excipientes

180 660 266 687 usque
281 653 312 680 ad
329 659 419 688 patres
436 661 544 683 nostros
561 663 768 686 conservarunt.
786 659 818 686 At
831 660 886 687 hrec
902 668 965 695 pro-

178 697 239 731 diga
260 700 399 732 generatio
414 700 488 727 illam
508 702 620 729 minime
647 703 803 730 custodivit.
822 704 963 736 Quomodo

177 751 192 769 e
208 744 330 772 manibus
356 746 458 773 nostris
484 747 582 781 elapsae
602 748 643 775 hae
667 749 845 776 institutionis
861 750 964 777 divitiae

177 790 313 822 pereunt?
336 798 386 819 nos
404 791 545 819 charitatis
560 793 642 828 indigi
661 803 766 826 sumus,
784 799 811 822 et
825 795 868 821 alii
883 795 963 823 bouis

177 835 276 861 uostris
289 835 424 863 luxuriant
436 840 462 863 et
474 837 635 871 gloriantur.
651 838 741 866 Zelari
754 848 830 873 super
841 841 942 875 iniquos
953 849 962 867 .-

176 879 215 904 sic
238 880 274 905 ait
296 879 482 909 Psatunstw.
502 882 556 917 Ego
582 891 646 910 vcro
673 885 799 911 nonnihil
817 886 896 916 quasi
915 894 963 920 per

176 926 315 959 pat-odiam
334 926 473 955 inflectens
491 928 592 956 dictum
609 930 674 957 illud
693 931 729 957 ita
753 931 850 966 legam,
870 932 960 959 Zelavi

175 979 256 1005 super
282 972 400 1007 iniquos,
427 974 511 1001 zelavi
536 983 628 1010 pacem
652 982 826 1011 peccatorum
853 978 958 1006 videns.

175 1016 212 1043 llli
227 1017 295 1044 inter
306 1026 334 1045 se
345 1019 505 1053 junguntur,
521 1027 546 1047 et
558 1029 608 1048 uos
620 1022 780 1050 abinvicem
791 1032 958 1058 separamur.

173 1061 213 1088 llli
232 1064 311 1097 quasi
336 1065 472 1093 testudine
496 1066 565 1094 sacta
587 1073 687 1095 coeunt
706 1070 777 1096 inter
801 1078 842 1102 se,
869 1075 896 1097 at
911 1078 961 1098 nos

172 1108 337 1136 testudinem
359 1115 479 1137 nostram
495 1120 668 1148 cuneumque
683 1115 858 1150 dissipamus.
876 1115 960 1143 Furto

172 1158 324 1187 surreptam
338 1157 540 1189 possessionem
562 1164 682 1186 nostram
698 1161 850 1188 animarum
868 1162 959 1196 praedo

1024 208 1195 241 ἐπιστενάξαι
1214 210 1251 245 τῷ
1281 211 1376 238 πάθει·
1390 213 1522 247 ἡμέτερον
1540 214 1630 248 κτῆμα
1641 213 1673 249 ἦν
1695 215 1787 251 ἀγάπη
1800 227 1806 232 ·

1023 254 1086 279 ποτε
1113 254 1237 289 πατρῷος
1258 256 1321 289 ἡμῖν
1337 253 1410 287 οὗτος
1425 257 1439 281 ὁ
1454 257 1562 291 κλῆρος,
1580 258 1608 284 ὃν
1627 259 1669 285 διὰ
1687 260 1739 285 τῶν
1755 269 1807 295 μα-

1024 299 1111 334 θητῶν
1124 301 1188 335 ἡμῖν
1200 302 1213 327 ὀ
1227 301 1327 336 Κύριος
1345 301 1521 338 ὲθησαύρισεν
1544 304 1637 335 εἰπὼν,
1666 305 1808 339 Ἐντολὴν

1022 344 1131 377 καινὴν
1156 345 1257 380 δίδωμι
1283 346 1362 381 ὑμῖν,
1389 348 1438 374 ἵνα
1470 348 1602 382 ἀγαπᾶτε
1629 350 1786 383 ἀλλήλους
1799 361 1805 366 ·

1023 389 1089 416 ἀλλὰ
1105 391 1203 426 ταύτην
1225 391 1273 426 τήν
1290 392 1469 427 κληρονομίαν
1484 394 1508 419 οἱ
1531 394 1578 428 μὲν
1601 394 1699 429 ἑφεξῆς
1719 395 1805 422 διάδο-

1021 444 1062 470 χοι
1086 437 1160 471 παρὰ
1184 437 1286 472 πατρὸς
1303 438 1472 473 ἐκδεχόμενοι
1500 439 1579 474 μέχρι
1604 440 1656 466 τῶν
1682 442 1805 476 πατέρων

1020 481 1097 514 ἡμῶν
1112 480 1286 507 διεσώσαντο·
1306 483 1321 516 ἡ
1335 482 1362 508 δὲ
1380 483 1482 514 ἄσωτος
1497 483 1564 518 αὕτη
1582 485 1663 518 γενεὰ
1677 486 1726 512 οὐκ
1739 486 1804 520 ἐφύ-

1019 524 1091 557 λαξε.
1109 525 1170 556 Πῶς
1194 526 1293 560 οἴχεται
1314 525 1367 553 τῶν
1390 528 1487 563 χειρῶν
1506 529 1583 563 ἡμῶν
1606 530 1744 566 διαρρυεὶς
1757 531 1806 567 τῆς

1019 570 1129 605 ἀγωγῆς
1151 571 1164 597 ὁ
1181 570 1311 603 πλοῦτος;
1328 573 1407 607 ἡμεῖς
1422 574 1471 608 τῆς
1489 575 1597 610 ἀγάπης
1620 576 1803 612 πτωχεῡομεν,

1018 617 1064 642 καὶ
1075 612 1149 643 ἄλλοι
1166 617 1308 653 ἡμετεροις
1320 619 1429 652 ἀγαθοῖς
1442 620 1642 655 ὲναὸρύνονται.
1658 622 1805 655 Ἐζήλωσα

1017 661 1065 687 ἐπὶ
1087 661 1148 694 τοῖς
1166 663 1288 697 ἀνόμοις
1298 683 1305 695 ‚
1317 663 1402 695 οὕτως
1428 665 1510 699 φησιν
1523 667 1537 692 ὁ
1547 666 1707 700 Ψαλμῳδός.
1733 667 1804 701 Ἐγὼ

1016 705 1044 732 δὲ
1065 707 1160 741 μικρόν
1172 717 1197 733 τι
1214 709 1377 743 παρῳδήσας
1391 709 1421 735 τὸ
1435 711 1514 747 ῥηθὲν
1521 711 1717 746 ἀναγνώσομαι,
1728 711 1803 747 Ἐζή-

1016 751 1089 777 λωσα
1101 753 1147 778 ἐπὶ
1161 754 1216 784 τοῖς
1230 753 1356 788 ἀνόμοις,
1370 755 1492 789 ἐζήλωσα
1506 755 1616 790 εἰρήνην
1634 756 1801 791 ἁμαρτωλῶν

1017 796 1136 832 θεωρῶν.
1163 798 1275 825 Ἐκεῖνοι
1300 800 1423 835 ἀλλήλοις
1446 801 1632 834 συνίστανται,
1658 802 1704 828 καὶ
1724 803 1803 837 ἡμεῖς

1015 844 1061 870 ἀπ’
1073 844 1192 880 ἀλλήλων
1204 846 1410 881 διατεμνὸμεθα.
1424 847 1536 874 Ἐκεῖνοι
1553 849 1657 879 ἑαυτοῖς
1672 850 1802 876 συνασπί-

1015 892 1155 922 §wormat
1165 893 1244 927 ἡμεῖς
1255 893 1299 919 τὸν
1312 893 1443 928 ἡμέτερον
1455 895 1638 928 συνασπισμὸν
1648 894 1800 929 διαλύομεν.

1015 937 1124 972 Κλέψας
1139 938 1169 964 τὸ
1182 938 1313 974 ἡμέτερον
1328 940 1419 973 κτῆμα
1435 941 1448 965 ὁ
1471 940 1524 966 τῶν
1537 939 1629 974 ψυχῶν
1646 940 1800 974 λωποδύτης

1014 982 1071 1013 τοῖς
1094 982 1201 1017 ἐχθροῖς
1225 983 1274 1017 τῆς
1298 983 1424 1018 ἀληθείας
1446 984 1535 1018 φέρων
1549 984 1800 1020 προσέρριψεν,οὺκ

1011 1027 1131 1059 ἐκείνους
1149 1028 1296 1063 εὐεργετῶν
1309 1049 1315 1060 ,
1333 1029 1411 1055 τοῦτο
1438 1029 1533 1064 μηδεὶς
1561 1029 1656 1056 οἰέσθω
1673 1039 1679 1045 ·
1707 1031 1721 1057 ὁ
1746 1030 1800 1065 γὰρ

1009 1072 1062 1098 τῶν
1077 1072 1170 1099 κακῶν
1183 1073 1295 1108 εὑρετὴς
1312 1073 1457 1109 εὐεργέτης
1479 1074 1605 1107 γενέσθαι
1619 1074 1648 1100 οὐ
1663 1074 1772 1101 δύναται
1786 1083 1794 1091 ·

1009 1117 1065 1143 ἀλλ’
1081 1117 1123 1143 ἵνα
1138 1118 1245 1153 χείρους
1269 1118 1366 1150 αὐτοὺς
1382 1119 1409 1145 ὲν
1425 1120 1456 1154 τῇ
1485 1119 1547 1153 περὶ
1561 1119 1591 1145 τὸ
1616 1119 1700 1146 κακὸν
1729 1129 1798 1155 συμ-

1010 1162 1089 1197 πνοίᾳ
1106 1163 1314 1198 παρασκευάσῃ.

172 1198 206 1224 ad
221 1195 313 1227 hostes
335 1202 455 1229 veritatis
490 1204 605 1230 delatam
641 1206 764 1240 projecit,
799 1215 852 1234 non
870 1212 898 1234 ut
929 1208 1060 1235 beneficio
1080 1216 1126 1236 eos
1154 1209 1280 1241 afficeret,
1301 1217 1381 1236 nemo
1404 1210 1444 1237 sic
1460 1210 1627 1237 arbitretur:
1652 1218 1704 1237 non
1726 1211 1798 1237 enim

170 1248 258 1277 potest
272 1245 380 1274 afficere
400 1248 532 1277 beneficio
547 1250 672 1279 inventor
687 1253 819 1280 malorum
838 1264 843 1282 z

170 1292 300 1320 efficeret.

205 1338 256 1365 Sed
271 1340 335 1374 quid
355 1341 420 1368 mihi
438 1342 470 1370 de
491 1343 524 1371 iis
540 1345 585 1378 qui
605 1345 669 1373 soris
692 1352 755 1374 sunt
783 1348 920 1382 judicare?
933 1355 961 1376 ut
976 1352 996 1379 C

169 1385 255 1419 inquit
273 1387 316 1413 ille
333 1387 368 1410 Μ.
389 1388 422 1414 At
446 1396 494 1422 ego
515 1390 560 1423 qui
576 1391 676 1424 possim
695 1393 885 1420 alienationem
903 1394 958 1420 sra-

167 1434 240 1458 trum
265 1433 323 1459 sine
349 1433 475 1468 lacrymis
501 1434 588 1462 serre?
611 1439 746 1471 quomodo
768 1444 879 1473 paterna
892 1441 958 1467 sub-

167 1478 267 1504 stantia
292 1478 419 1505 derelicta
442 1479 536 1514 junior
561 1481 603 1508 hic
629 1482 711 1510 frater
727 1484 871 1512 discessit?
891 1486 959 1513 alter

168 1522 213 1549 ille
232 1522 258 1549 in
277 1522 421 1558 Evangelio
441 1525 604 1561 descriptus,
626 1527 688 1555 licet
710 1530 808 1556 canitie
833 1532 957 1565 corporis

166 1568 249 1594 animi
271 1569 466 1603 juvenilitatem
491 1573 620 1606 occultet,
642 1575 778 1609 quomodo
797 1575 925 1611 fugitivus
941 1585 956 1604 a

166 1613 217 1640 side
247 1614 273 1640 in
302 1615 477 1650 longinquam
503 1619 641 1653 regionem
666 1621 797 1647 secessit?
820 1623 956 1656 quomodo

165 1659 221 1685 abit
243 1664 269 1686 et
287 1660 344 1694 ipse
365 1663 484 1695 paternis
500 1663 580 1691 honis
596 1664 623 1691 in
640 1664 708 1691 duas
724 1665 850 1693 dimidias
865 1671 955 1701 partes

164 1703 270 1736 divisis,
293 1707 337 1740 qui
356 1707 419 1734 dmn
443 1709 569 1736 sublimia
593 1710 717 1745 dogmata
740 1711 773 1737 ad
796 1712 912 1740 humiles
929 1718 955 1740 et.

163 1750 258 1777 suillas
274 1752 414 1786 opiniones
433 1754 541 1788 dejecit,
561 1763 623 1782 cum
638 1757 826 1784 meretricibus
844 1759 952 1786 haereti-

166 1796 207 1822 cis
218 1803 282 1823 suas
294 1796 402 1824 dix-uias
415 1799 556 1834 dissipavit
567 1802 607 1827 ³⁶?
621 1801 744 1829 Meretrix
760 1803 830 1830 enim
845 1809 885 1831 est
900 1805 954 1831 hre-

163 1839 244 1872 resis‚
266 1849 325 1875 quae
350 1843 535 1877 voluptatibus
559 1846 636 1879 quasi
662 1847 805 1882 praestigiis
831 1849 950 1875 attrahit.

163 1884 239 1916 Quod
257 1886 278 1912 si
292 1888 400 1920 quando
411 1889 437 1915 in
452 1889 582 1924 seipsum,
597 1895 625 1917 ut
639 1891 692 1923 ille,
708 1899 833 1919 reversus
849 1892 930 1920 suerit
944 1904 950 1921 ς

163 1931 183 1957 si
206 1932 313 1965 quando
330 1942 423 1961 rursus
441 1935 474 1961 ad
492 1940 664 1970 paternorum
683 1938 804 1965 ciborum
817 1939 950 1973 cupidita-

161 1981 213 2003 tem
227 1980 369 2010 exarserit,
389 1981 409 2007 si
431 1981 463 2007 ad
482 1982 590 2010 divitem
609 1991 729 2011 mensam
747 1985 902 2017 recurrerit,
923 1985 950 2011 iu

160 2030 212 2056 qua
230 2024 330 2051 multus
345 2027 615 2059 supersubstantialis
627 2032 667 2055 est
681 2029 769 2063 panis,
782 2030 827 2064 qui
843 2029 951 2057 Domini

160 2070 342 2096 mercenarios
358 2071 420 2103 alit;
437 2074 596 2100 mercenarii
608 2074 706 2108 quippe
721 2079 783 2101 sunt
796 2075 840 2101 Dei
856 2084 950 2103 omnes

160 2114 203 2140 isti
222 2116 267 2149 qui
289 2116 323 2142 ob
347 2124 421 2150 spem
445 2120 663 2152 repromissionis
682 2121 707 2146 in
723 2121 801 2147 vinea
822 2120 869 2148 'Dei
887 2129 950 2156 ope-

159 2165 273 2187 rantur:
292 2162 380 2195 qnalis
395 2163 426 2189 ad
442 2171 503 2190 eum
527 2164 572 2191 siet
587 2173 641 2191 non
658 2166 737 2192 unius
754 2166 884 2200 parentis,
902 2166 948 2193 sed

160 2209 213 2230 tam
240 2206 385 2233 multorum
413 2213 517 2242 patrum
541 2217 701 2241 concursus,
717 2211 762 2246 qui
785 2211 891 2237 obviam
911 2209 950 2237 illi

160 2250 321 2284 prodibunt,
350 2253 394 2286 qni
423 2254 636 2288 amplectentur,
667 2256 712 2289 qui
741 2256 842 2283 osculis
873 2256 946 2282 illum

157 2295 309 2328 excipient?
326 2296 430 2322 Prolata
450 2302 491 2324 est
515 2300 582 2325 stola
604 2300 662 2326 fidei
680 2301 776 2334 prima,
795 2308 874 2334 quam
891 2304 946 2326 trc-

157 2343 241 2365 centae
258 2341 406 2367 octodecim
423 2343 517 2369 anima¹
538 2345 666 2377 praeclara
686 2346 802 2371 textrina
819 2345 947 2372 Ecclesiae

156 2389 361 2413 contexuerunt.
385 2386 461 2414 [Tude
487 2390 602 2416 annulus
629 2390 655 2415 in
680 2398 759 2416 manu
785 2398 943 2424 expressum

157 2430 216 2457 tidei
232 2431 350 2465 sigillum
369 2432 480 2463 hahens,
499 2434 614 2466 choreae,
639 2434 748 2466 vitulus,
771 2436 940 2470 symphonia.

155 2481 250 2503 caetera
279 2478 369 2504 onmia
390 2486 449 2511 quae
472 2479 497 2505 in
522 2480 666 2514 Euangelio
683 2485 942 2511 commemorantur,

155 2525 265 2555 excepta
284 2522 374 2550 fratris
398 2524 507 2550 invidia.
538 2524 774 2552 Vcrumeuimvero
794 2526 858 2560 quid
885 2527 942 2552 l'ru-

155 2569 210 2591 stra
239 2567 316 2593 nohis
333 2568 398 2601 ipsis
427 2569 531 2595 somnia
553 2569 697 2604 tingimus?
723 2570 861 2596 Ohdurata
877 2575 940 2596 sunt

154 2610 237 2636 corda
256 2611 385 2644 fratrum,
407 2618 432 2639 et
451 2615 586 2641 contraria
616 2615 718 2641 ratione
742 2620 805 2642 sunt
831 2616 939 2648 affecti;

154 2664 311 2682 communes
332 2662 420 2691 patres
443 2660 591 2693 objiciunt,
617 2664 643 2687 et
668 2664 804 2695 acceptam
831 2661 864 2687 ab
887 2662 939 2687 illis

156 2701 337 2727 hzereditatem
356 2711 408 2729 non
423 2705 580 2738 admittunt3
598 2714 767 2732 communem
784 2706 834 2732 sihi
853 2705 940 2732 vindi-

153 2750 216 2772 cant
230 2747 406 2780 nobilitatem,
422 2754 447 2775 ct
461 2758 474 2775 a
491 2755 582 2777 nostra
601 2751 760 2786 cognatione
776 2751 938 2782 alic-nantum

225 2803 246 2818 ¹²
267 2802 378 2829 Zachar.

412 2810 448 2832 xi,
469 2802 494 2828 9.
534 2803 555 2818 ¹⁵³
574 2802 651 2830 Joan.
674 2811 711 2835 xi,
741 2802 784 2829 54.

824 2802 845 2817 ¹¹·
863 2801 932 2828 l‘sal.
954 2807 1068 2832 cxxxiii,
1087 2799 1114 2825 Ξ.

864 1263 969 1287 verum,
1009 1260 1038 1282 ut
1067 1263 1113 1283 eos
1140 1256 1167 1283 in
1194 1257 1327 1283 malarum
1355 1264 1445 1283 rerum
1479 1257 1624 1284 eoncordia
1649 1257 1798 1285 deteriores

1055 1347 1134 1373 Ἀλλὰ
1150 1347 1176 1373 τί
1193 1356 1236 1382 μοι
1259 1348 1320 1379 τοὺς
1345 1348 1396 1380 ἔξω
1419 1347 1539 1383 κρίνειν;
1559 1349 1640 1383 φησιν
1663 1349 1676 1375 ὁ
1702 1349 1797 1377 εἰπών.

1017 1393 1086 1427 Ἐγὼ
1101 1394 1128 1419 δὲ
1153 1393 1212 1424 πῶς
1226 1393 1356 1428 ἀδακρυτὶ
1377 1393 1502 1428 βαστὰσω
1527 1394 1575 1428 τὴν
1597 1394 1652 1420 τῶν
1675 1395 1798 1429 ἀδελφῶν

1010 1439 1204 1474 ἀλλοτρίωσιν,
1228 1439 1290 1470 Πῶς
1316 1438 1400 1474 ᾤχετο
1426 1439 1581 1466 καταλιπὼν
1602 1440 1651 1475 τὴν
1669 1442 1797 1477 πατρῴαν

1008 1484 1100 1511 οὐσίαν
1121 1485 1135 1510 ὁ
1159 1484 1270 1518 ἀδελφὸς
1289 1485 1302 1510 ὁ
1319 1484 1377 1515 νέος
1393 1480 1486 1517 οὗτος
1505 1485 1600 1516 ’Ἄλλος
1618 1487 1719 1518 ἐκεῖνος
1735 1488 1748 1513 ὁ
1768 1487 1796 1512 ἐν

1008 1529 1046 1564 τῷ
1063 1529 1219 1564 Εὐαγγελίῳ
1232 1529 1404 1564 δηλούμενος.
1423 1529 1474 1555 κᾶν
1492 1529 1653 1565 ὑποκρύπτῃ
1667 1532 1700 1565 τῇ
1717 1531 1795 1566 πολιᾷ

1007 1574 1054 1601 τοῦ
1071 1574 1195 1610 σώματος
1212 1575 1262 1610 τῆς
1278 1575 1365 1609 ψυχῆς
1383 1575 1431 1610 τὴν
1443 1575 1567 1611 νεότητα,
1587 1576 1645 1607 πῶς
1659 1577 1797 1612 ἀνεχώρη-

1008 1629 1053 1646 σεν
1068 1621 1106 1651 εἰς
1119 1619 1210 1655 χώραν
1222 1619 1329 1655 μακρὰν
1341 1619 1526 1654 δραπετεύσας
1538 1621 1590 1646 ἀπὸ
1601 1621 1649 1655 τῆς
1661 1622 1793 1654 πῖστεως;

1006 1666 1069 1696 Πῶς
1084 1666 1185 1700 οἴχεται
1211 1666 1258 1692 καὶ
1274 1665 1353 1696 αὐτὸς
1373 1665 1523 1699 ἡμισεύσας
1548 1665 1594 1692 τοῦ
1619 1667 1721 1701 πατρὸς
1743 1668 1793 1703 τὴν

1005 1710 1096 1737 οὐσίαν
1121 1711 1149 1736 ὲν
1173 1709 1211 1744 τῷ
1228 1709 1392 1736 καθελκῦσαι
1415 1709 1449 1735 τὰ
1463 1709 1550 1744 ὑψηλὰ
1573 1709 1626 1735 τῶν
1647 1710 1793 1744 δογμάτων

1005 1756 1073 1791 πρὸς
1099 1756 1133 1782 τὰ
1156 1755 1270 1781 ταπεινὰ
1298 1756 1344 1781 καὶ
1367 1755 1483 1790 χοιρώδη
1506 1755 1630 1790 νοήματα
1644 1776 1651 1788 ,
1672 1757 1732 1787 ταῖς
1753 1757 1794 1782 αξ-

1006 1802 1125 1835 ρετικαῖς
1158 1801 1270 1835 πόρναις
1310 1800 1537 1835 προσδαπανήσας
1571 1801 1617 1827 τὸν
1655 1801 1766 1828 πλοῦτον
1784 1811 1791 1835 ς

1005 1846 1092 1880 Πόρνη
1105 1846 1158 1881 γάρ
1171 1847 1270 1880 ἐστινὴ
1286 1846 1400 1880 αἵρεσις,
1414 1846 1472 1877 ταῖς
1483 1846 1675 1880 ἡγαπημέναις
1685 1847 1792 1881 ἡδοναῖς

1003 1892 1179 1925 γοητεύουσα.
1203 1893 1233 1917 Εἰ
1257 1891 1311 1926 γὰρ
1337 1891 1406 1918 ἔλθοι
1426 1892 1491 1917 ποτὲ
1513 1892 1551 1922 εἰς
1566 1891 1671 1923 ἑαυτὸν,
1695 1892 1789 1928 ὥσπερ

1004 1937 1104 1967 ἐκεῖνος
1115 1937 1152 1962 ἐἰ
1163 1936 1215 1971 γὰρ
1230 1937 1406 1971 ἐπιθυμήσειε
1423 1936 1503 1962 πάλιν
1518 1936 1566 1971 τῆς
1581 1936 1709 1972 πατρῴας
1724 1946 1787 1972 τρο-

1004 1982 1073 2016 φῆς·
1100 1983 1122 2008 εί
1138 1983 1190 2016 γὰρ
1210 1981 1386 2016 ἐπαναδράμῃ
1412 1981 1480 2015 πρὸς
1503 1981 1552 2016 τὴν
1575 1981 1703 2008 πλουσίαν
1724 1983 1790 2017 τρά-

970 2019 991 2045 Ῐ)
1007 2027 1101 2058 πεζαν,
1118 2028 1146 2052 ὲν
1161 2024 1178 2063 ᾖ
1194 2027 1276 2057 πολὺς
1290 2028 1304 2053 ὁ
1320 2026 1456 2057 ὲπιούσιος
1472 2026 1563 2060 ἄρτος,
1583 2027 1596 2051 ὁ
1608 2026 1713 2061 τρέφων
1727 2028 1789 2058 τοὺς

1004 2074 1050 2099 τοῦ
1072 2073 1173 2107 Κυρίου
1204 2073 1341 2108 μισθίους·
1369 2072 1468 2107 μίσθιοι
1490 2073 1517 2098 δὲ
1538 2072 1584 2098 τοῦ
1599 2072 1664 2098 Θεοῦ
1690 2073 1788 2104 πάντες

1004 2116 1086 2149 οὗτοι,
1102 2119 1126 2144 οἰ
1143 2118 1185 2144 ἐπ’
1209 2118 1293 2144 ἐλπίδι
1317 2118 1365 2151 τῆς
1387 2117 1549 2151 ἐπαγγελίας
1569 2117 1614 2143 τὸν
1640 2117 1787 2151 ἀμπελῶνα

1004 2163 1049 2189 τοῦ
1063 2163 1130 2190 Θεοῦ
1145 2163 1330 2198 ἐργαζόμενοι·
1346 2159 1399 2194 οἷος
1422 2163 1454 2188 ἂν
1471 2162 1578 2195 ἐγένετο
1593 2163 1659 2197 πρὸς
1677 2163 1758 2188 αὐτὸν
1773 2164 1788 2189 ὁ

1002 2209 1110 2244 δρόμος,
1134 2209 1181 2243 οὐχ
1205 2208 1262 2239 ἑνὸς
1284 2208 1395 2246 πατρὸς,
1420 2207 1486 2234 ἀλλὰ
1510 2207 1641 2234 τοσούτων
1662 2209 1786 2243 πατέρων

1003 2254 1272 2289 προσαπαντὼντων,
1303 2253 1560 2288 περιπλεκομένων,
1586 2254 1785 2289 ἀσπαζομένων

1002 2300 1164 2334 φιλήματινς
1195 2299 1308 2333 Ἡνέχθη
1336 2299 1414 2333 στολὴ
1437 2300 1485 2334 τῆς
1511 2299 1627 2330 πίστεως
1646 2300 1783 2334 ἡπρώτη,

1001 2346 1032 2378 ἣν
1054 2346 1081 2371 αἱ
1102 2345 1254 2380 τριακόσιαι
1277 2344 1347 2370 ὀκτὼ
1370 2345 1417 2369 καὶ
1440 2344 1504 2370 δέκα
1521 2344 1605 2379 ψυχαὶ
1624 2344 1713 2375 καλῶς
1728 2345 1784 2379 ὲρι-

1000 2390 1108 2416 θέουσαι
1131 2391 1162 2424 τῇ
1187 2389 1331 2424 Ἐκκλησία
1353 2389 1496 2423 ἐξύφηναν.
1520 2389 1638 2415 Ἐκεῖθεν
1654 2391 1686 2424 τῇ
1711 2391 1782 2425 χειρὶ

999 2435 1138 2466 δακτύλιος
1161 2434 1384 2468 ἐκτετυπιι)μένην
1402 2434 1469 2468 ἔχων
1486 2434 1513 2459 ἐν
1529 2433 1616 2468 ἑαυτῷ
1635 2435 1682 2468 τήν
1698 2443 1783 2468 σφρα-

998 2481 1057 2513 γῖδα
1072 2480 1120 2514 τῆς
1136 2479 1261 2509 πίστεως,
1282 2479 1305 2504 οἱ
1323 2479 1406 2513 χοροὶ,
1429 2479 1442 2503 ὁ
1469 2478 1576 2512 μόσχος,
1595 2479 1610 2512 ἡ
1626 2479 1780 2512 συμφωνία,

997 2526 1030 2551 τὰ
1051 2525 1116 2551 ἄλλα
1141 2524 1227 2550 πάντα
1251 2524 1301 2549 ὅσα
1324 2524 1351 2548 ἐν
1368 2522 1405 2556 τῷ
1424 2523 1579 2556 Εὑαγγε).ίῳ
1601 2522 1779 2554 κατείλεκται,

997 2570 1128 2605 πλὴντῆς
1142 2569 1188 2594 τοῦ
1212 2568 1325 2602 ἀδελφοῦ
1349 2567 1521 2601 ζηλοτυπίας.
1547 2567 1625 2592 Ἀλλὰ
1649 2567 1674 2592 τί
1693 2568 1780 2603 μάτην

995 2615 1114 2650 ὀνείρους
1131 2614 1235 2643 ἑαυτοῖς
1252 2612 1470 2646 ἀναπλάττομεν;
1497 2611 1690 2646 Ἐσκλήρυνται
1710 2620 1778 2646 καρ-

995 2661 1047 2686 δίαι
1062 2660 1115 2685 τῶν
1131 2658 1264 2692 ἀδελφῶν,
1283 2659 1330 2684 καὶ
1348 2657 1500 2688 ἀντιτύπους
1520 2656 1621 2690 ἔχουσι,
1639 2658 1701 2688 τοὺς
1720 2667 1776 2684 κοι-

992 2707 1052 2736 νοῦς
1077 2704 1196 2738 πατέρας
1218 2703 1430 2737 προὸάλλονται,
1456 2702 1500 2727 καὶ
1526 2701 1573 2736 τὴν
1597 2702 1777 2737 κληρονομίαν

991 2751 1039 2785 τὴν
1051 2750 1096 2776 ἀπ’
1111 2749 1200 2776 αὐτῶν
1212 2749 1240 2774 οὺ
1257 2748 1458 2783 προσδέχονται,
1473 2749 1521 2782 τῆς
1537 2749 1628 2782 κοινῆς
1638 2749 1776 2782 εὐγενείας

1152 2800 1174 2815 ⁶¹¹
1195 2800 1203 2826 l
1222 2799 1284 2827 Cor.
1307 2807 1354 2831 ιιι,
1375 2799 1417 2826 Η.
1454 2800 1476 2815 ⁵⁶
1497 2799 1563 2828 Luc.
1585 2804 1628 2829 xv,
1657 2796 1685 2823 Η
1705 2804 1763 2831 sqq.
