1878 3036
131 138 182 165 803

768 134 795 160 S.
814 131 976 160 Gtttzcotttt
997 131 1040 158 ΝΥ
1048 132 1144 160 ssim

1715 144 1766 172 802

131 197 234 222 tionum
254 195 369 230 spiritus
397 195 526 222 adversos
548 195 719 223 flectebatur.
746 194 832 221 Porro
854 193 921 221 dile·
939 193 961 220 A
978 192 1096 224 σιὰξεται
1113 193 1180 229 πρὸς
1193 194 1235 220 τὸν
1255 195 1376 232 Ἡρώδην
1395 198 1534 235 Ἰωάννης,
1549 202 1595 228 καὶ
1611 198 1686 234 οὗτος
1700 204 1765 238 πρὸς

132 242 231 269 ι·ιίοιιί5
248 250 312 276 erga
335 242 418 269 ileum
438 244 508 276 (quae
527 242 552 268 in
578 241 677 269 Basilio
700 242 762 276 snit)
793 246 921 268 constan-

132 289 195 314 tiam
212 292 238 314 et
257 288 453 319 firmitudinem
481 288 556 315 solus
580 289 729 322 Apostolus
747 288 806 315 suis
830 286 921 313 verbis

131 334 286 369 exprimere
315 339 341 360 et
377 334 500 361 indicare
530 338 632 369 posset,
669 338 812 369 propterea
849 332 921 367 quod

133 388 220 414 neque
237 380 300 411 vita,
318 388 404 414 neque
425 388 499 407 mors
513 400 520 412 ,
547 387 634 414 neque
657 380 811 415 praesentia,
834 387 922 413 neque

133 425 234 456 sutura,
257 434 344 460 neque
363 426 414 452 alia
435 426 525 461 aliqua
541 432 666 453 creatura
680 434 694 452 a
712 426 861 452 dilectione
877 425 921 452 Dei

132 480 181 498 cor
196 473 256 506 ejus
269 473 408 499 dimovere
425 477 507 507 atque
524 473 670 500 deturbare
689 476 781 507 posset.
799 472 829 498 ¹⁰.
845 472 921 499 Adeo

132 519 212 544 etiam
232 518 258 544 in
271 519 398 546 oinnibus
414 538 420 549 .
438 526 498 553 quze
513 526 574 546 cum
601 519 702 545 virtute
734 517 899 544 instituisset
915 538 921 549 ,

133 571 164 589 ac
186 564 237 590 sibi
252 563 381 590 sectanda
398 571 458 591 esse
470 563 632 598 judicasset,
647 570 821 598 nequaquam
839 570 922 588 arun·

133 610 230 637 dineus
245 610 367 644 quidam,
391 615 418 637 et
437 610 528 637 animo
551 610 644 636 mobili
666 617 697 636 ae
717 614 808 636 mente
829 609 924 635 incon-

133 658 218 683 stanti
239 662 296 684 erat
314 667 319 683 ε
338 657 385 684 sed
412 665 459 692 per
483 657 573 683 onmia
600 658 655 683 vita
671 656 754 691 (ejus)
784 655 809 682 in
842 655 924 681 rebus

132 704 272 737 pratel-aris
284 704 468 730 constantiam
481 704 509 730 in
522 711 550 731 se
562 703 681 730 babebat
695 706 720 729 et
736 702 923 729 stabilitatem.

134 750 229 777 Libere
244 754 269 776 et
290 751 406 784 ingenue
426 750 547 784 loquitur
563 749 633 783 apud
647 748 779 775 Herodem
792 748 923 780 Joannes,

133 797 197 822 item
224 796 267 822 l1ic
283 796 353 830 apud
378 795 528 822 Valentem.
551 795 749 830 Comparemus
766 798 857 821 autem
876 794 924 820 ad—

133 843 248 868 invicem
272 842 369 868 horum
395 842 516 868 virorum
552 841 711 876 dignitates.
743 841 791 868 llle
813 840 921 875 quidem

132 889 218 923 partis
246 888 390 923 cujusdam
408 888 561 915 Palaestinae
591 888 704 915 decreto
732 887 919 914 Romanorum

131 935 294 969 permissum
320 935 372 962 sibi
392 935 574 970 principatum
600 935 716 970 adeptus
747 938 817 966 erat,
839 934 920 969 liujus

132 990 194 1007 vcro
212 982 317 1016 imperii
334 983 466 1009 terminus
482 987 540 1009 erat
560 986 633 1010 totus
649 981 847 1017 propemodum
859 989 922 1008 cur-

131 1036 178 1054 sus
204 1028 269 1055 solis
290 1035 304 1054 a
331 1028 430 1055 finibus
455 1028 576 1056 Persidis
600 1028 634 1055 ad
659 1028 806 1055 Britannos
836 1035 922 1062 usque

131 1075 272 1109 pertinens
294 1080 320 1101 ct
350 1081 499 1102 extremam
516 1075 617 1102 Oceani
645 1083 733 1102 oram.
766 1076 803 1102 Ac
823 1075 922 1110 linguae

130 1121 237 1154 quidem
255 1122 365 1149 libertas
381 1122 511 1149 adversus
529 1122 661 1149 Herodem
678 1122 703 1148 id
720 1122 816 1156 agebat
838 1125 921 1156 atque

129 1176 160 1194 eo
171 1168 322 1202 spectabat,
337 1176 369 1194 nc
380 1173 475 1194 eontra
491 1168 562 1202 leges
574 1168 617 1194 ille
633 1172 756 1202 peccaret
771 1169 797 1194 in
812 1167 922 1194 mulier-

130 1214 189 1239 cula
197 1213 326 1247 quadam,
334 1213 378 1240 sed
389 1213 575 1248 cupiditatem,
585 1217 676 1248 utpote
686 1214 790 1248 legibus
802 1213 920 1245 vetitam,

131 1260 158 1285 in
177 1267 206 1285 se
225 1263 376 1286 coerceret.
388 1259 422 1285 At
439 1259 571 1286 adversus
588 1251 728 1286 Valentem
746 1259 922 1293 praeceptoris

130 1306 227 1340 linguze
254 1306 365 1332 libertas
389 1313 513 1340 quaenam
531 1306 614 1332 erat?
640 1305 675 1332 Ut
700 1306 823 1337 illaesam,
850 1305 922 1331 inta-

129 1357 200 1379 ctam
218 1356 244 1379 et
256 1352 426 1386 impollutam
444 1353 548 1380 sineret
562 1360 622 1380 esse
641 1352 730 1383 fidem,
744 1353 788 1379 cui
807 1352 829 1380 si
845 1352 921 1379 fieret

130 1399 232 1434 injuria
245 1419 252 1431 ‚
271 1400 356 1427 totius
371 1400 447 1427 orbis
471 1405 607 1427 terrarum
624 1400 716 1427 scelus
730 1403 811 1434 atque
825 1401 921 1434 piacu-

130 1447 184 1472 lum
200 1446 354 1473 exsisteret.
378 1446 507 1473 Conferat
528 1446 612 1480 igitut·
631 1454 726 1480 aequus
743 1454 833 1472 rerum
851 1445 923 1472 aesti-

129 1496 217 1518 mator
239 1497 264 1519 et
291 1493 476 1526 principatum
496 1499 557 1518 cum
575 1493 730 1526 principatu
748 1511 755 1523 ,
778 1496 805 1518 et
823 1492 921 1526 linguae

974 239 1121 266 Οὐάλεντα.
1141 240 1375 277 Ἀντεξετάσωμεν
1392 244 1419 270 δὲ
1440 246 1507 280 πρὸς
1526 246 1627 281 ἄλληλα
1649 249 1702 275 τῶν
1720 250 1765 275 ἀν-

973 285 1043 318 δρῶν
1057 285 1158 312 τούτων
1173 286 1205 313 τὰ
1221 287 1372 322 ἀξιώματα.
1393 290 1420 315 '0
1441 291 1489 325 μὲν
1515 293 1614 327 μέρους
1627 295 1698 326 τινος
1715 295 1764 330 τῆς

974 330 1155 367 Παλαιστίνης
1175 332 1257 368 ψήφῳ
1276 334 1416 369 Ῥωμαίων
1431 336 1479 372 τὴν
1493 338 1649 365 δυναστείαν
1667 341 1764 376 κεκλή-

976 385 1054 411 ρωτο·
1068 376 1162 403 τούτου
1180 378 1207 404 δὲ
1231 379 1280 414 τῆς
1295 380 1382 415 ἀρχῆς
1399 382 1460 416 ὅρος
1474 380 1507 417 ἦν
1521 383 1579 415 ὅλος
1596 385 1693 419 μικροῦ
1710 386 1764 412 δεῖν

973 422 986 447 ὁ
1001 421 1046 448 τοῦ
1061 422 1137 457 ἡλίου
1157 423 1256 459 δρόμος
1268 447 1274 458 ,
1299 427 1331 452 ἐκ
1350 426 1402 452 τῶν
1424 428 1472 462 τῆς
1486 429 1615 464 Περσίδος
1629 431 1708 466 ὅρων,
1725 433 1764 463 εἰς

974 467 1140 502 Βρεττανοὺς
1157 476 1186 494 τε
1210 469 1256 495 καὶ
1281 470 1315 496 τὰ
1339 470 1440 505 ἔσχατα
1458 471 1506 497 τοῦ
1527 473 1653 500 Ὠκεανοῦ
1674 483 1763 510 παροι-

973 513 1079 539 τείνων.
1101 514 1155 539 Καὶ
1169 514 1218 549 τῆς
1244 515 1292 549 μὲν
1312 516 1379 551 πρὸς
1402 517 1447 543 τὸν
1467 517 1588 553 Ἡρώδην
1609 520 1764 555 παρρησίας

973 557 1007 594 ἦν
1032 560 1046 585 ὁ
1074 560 1191 592 σκοπὸς,
1218 561 1254 596 μὴ
1281 565 1448 598 παρανομεῖν
1468 565 1537 591 κατὰ
1554 566 1664 599 γυναίου
1680 566 1762 598 τινὸς,

975 605 1042 632 ἀλλὰ
1059 605 1183 638 κολάζειν
1198 607 1239 641 ἐφ’
1258 608 1354 634 ἑαυτοῦ
1366 609 1414 644 τὴν
1426 610 1583 646 ἐπιθυμίαν,
1597 611 1634 643 ὡς
1648 613 1764 648 ἀπειρη«

977 652 1060 687 μένην
1078 653 1116 687 τῷ
1140 653 1224 689 νόμῳ.
1242 654 1274 679 '11
1290 654 1317 680 δὲ
1337 655 1404 691 πρὸς
1423 656 1559 683 Οὐάλεντα
1576 657 1622 684 τοῦ
1638 658 1764 685 διδασκά-

974 697 1020 724 λου
1036 699 1176 734 παρρησία
1200 699 1241 731 τίς
1255 697 1288 734 ἦν
1302 709 1308 733 ;
1327 700 1442 727 ’Άσυλόν
1466 711 1495 728 τε
1509 703 1555 729 καὶ
1571 703 1702 738 ἀμίαντον
1715 704 1763 738 τὴν

976 744 1066 770 πίστιν
1086 745 1142 779 ἐᾷν,
1163 743 1196 780 ἧς
1219 747 1235 781 ὴ
1252 747 1407 781 παρανομία
1428 748 1517 783 πάσης
1535 749 1584 784 τῆς
1604 749 1763 784 οἰκουμένης

975 792 1040 826 ἄγος
1064 793 1178 827 ἐγίνετο.
1202 794 1344 822 ἈντιΟέτω
1357 796 1445 823 τοίνυν
1461 797 1474 823 ὁ
1494 798 1597 830 δίκαιος
1614 799 1667 825 τῶν
1693 808 1763 835 πρα-

975 840 1087 874 γμάτων
1103 840 1248 876 ἐξεταστὴς
1269 843 1318 877 τήν
1340 851 1369 868 τε
1385 843 1542 871 δυναστείαν
1557 846 1591 880 τῇ
1607 846 1761 882 δυναστείᾳ,

976 888 1022 912 καὶ
1041 886 1092 922 ’τὸν
1120 887 1219 914 σκοπὸν
1242 888 1291 924 τῆς
1315 890 1471 925 παρρησίας
1495 891 1597 927 ταύτης
1621 893 1688 928 πρὸς
1714 893 1763 927 τὴν

973 933 1128 968 παρρησίαν
1146 934 1262 970 ἐκείνην.
1285 935 1357 961 Ἐκεῖ
1369 936 1417 970 μὲν
1427 936 1480 972 γὰρ
1497 938 1526 964 ἐν
1545 938 1583 972 τῷ
1600 938 1704 973 σώματι
1717 939 1762 965 τοῦ

979 978 1097 1013 Ἡρώδου
1120 979 1237 1014 τδᾶγος
1263 981 1460 1016 περιωρίζετο·
1487 983 1604 1010 ἐνταῦθα
1621 984 1648 1009 δὲ
1674 984 1762 1019 πάσης

973 1023 1006 1060 ἦν
1022 1025 1113 1051 ἀδικία
1126 1025 1175 1060 τῆς
1190 1026 1361 1061 ἀνθρωπίνης
1376 1027 1481 1060 φύσεως
1491 1049 1497 1061 ,
1512 1029 1528 1063 ἡ
1543 1029 1699 1064 παρανομία
1713 1030 1763 1064 τῆς

973 1072 1101 1103 πίστεως.
1118 1072 1235 1103 Ἐκεῖνος
1253 1073 1332 1107 μέχρι
1349 1073 1462 1100 θανάτου
1479 1074 1591 1109 ἐμμένει
1608 1076 1640 1109 τῇ
1658 1076 1763 1110 παρρη-

974 1119 1038 1154 σίᾳ·
1057 1119 1103 1145 καὶ
1122 1119 1209 1154 τούτῳ
1237 1119 1323 1154 πέρας
1347 1120 1395 1155 τῆς
1411 1121 1566 1156 παρρησίας
1585 1121 1675 1156 ἐξορία
1691 1121 1763 1155 γίνε-

973 1174 1017 1191 ται
1029 1185 1036 1197 ,
1051 1165 1127 1192 τοῦτο
1142 1165 1188 1191 τοῦ
1206 1165 1335 1200 βασιλέως
1348 1166 1408 1192 ἀντὶ
1422 1167 1470 1200 τῆς
1487 1166 1659 1193 ἑπιΟανατίου
1673 1167 1761 1201 ψήφου

974 1211 1213 1243 καταδικάσαντος.
1240 1212 1320 1238 Ἀλλὰ
1338 1213 1384 1238 καὶ
1408 1213 1533 1247 Ἰωάννης
1551 1213 1693 1239 ἀποθανὼν
1713 1213 1762 1248 ζῇν

974 1258 1131 1284 ἐπιστεύετο
1141 1266 1147 1272 ·
1163 1259 1207 1284 καὶ
1222 1258 1352 1294 Βασιλείῳ
1368 1260 1432 1293 παρ’
1450 1259 1538 1285 αὐτῶν
1561 1259 1614 1286 τῶν
1627 1260 1730 1294 ἐχθρῶν
1744 1261 1760 1295 ἠ

973 1304 1023 1339 τῆς
1037 1300 1144 1339 ἕξορίας
1164 1305 1309 1331 ἀναλύεται
1324 1305 1413 1339 ψῆφος
1423 1325 1430 1336 ,
1445 1305 1519 1330 οἰδὲν
1534 1304 1576 1330 διὰ
1587 1305 1635 1339 τῆς
1648 1304 1762 1340 ἀπειλῆς

975 1352 1167 1387 μαλακισθέντι
1187 1351 1251 1386 περὶ
1276 1351 1325 1386 τὴν
1342 1351 1474 1378 ἔνστασιν.
1491 1349 1564 1386 τΛροι
1577 1351 1762 1387 τολμήσαιμεν

973 1398 1020 1424 καὶ
1036 1397 1082 1423 ἐπὶ
1099 1396 1143 1423 τὸν
1159 1397 1259 1432 ὑψηλὸν
1281 1396 1373 1422 Ἠλίαν
1398 1396 1530 1431 ἀναὸἧναι
1547 1395 1585 1431 τῷ
1610 1397 1680 1431 λόγῳ
1693 1418 1700 1430 ,
1717 1397 1762 1423 καὶ

973 1443 1057 1474 δεῖξαι
1072 1442 1117 1468 τὸν
1140 1442 1200 1468 καθ’
1218 1442 1292 1476 ἡμᾶς
1317 1441 1475 1467 διδάσκαλον
1500 1442 1567 1476 πρὸς
1584 1442 1632 1477 τὴν
1658 1443 1761 1469 ἐκείνου

974 1489 1053 1524 χάριν
1068 1488 1106 1523 τῷ
1132 1488 1180 1523 βίῳ
1205 1486 1243 1522 τῷ
1263 1487 1322 1514 καθ’
1344 1488 1439 1514 ἑαυτὸν
1463 1488 1657 1523 ὁμοιούμενον;
1683 1489 1763 1516 Ἀλλὰ

129 1540 261 1566 libertatis
279 1539 360 1573 liujus
387 1539 557 1574 propositum
574 1546 636 1565 eum
661 1539 706 1565 illa
727 1543 868 1572 comparet
886 1539 917 1565 li·
932 1539 955 1570 C
973 1536 1021 1570 τὴν
1052 1535 1101 1569 μὲν
1126 1535 1172 1560 ἐπὶ
1197 1533 1243 1559 τοῦ
1264 1534 1390 1567 φλογίνῡυ
1414 1534 1535 1569 ἅρματος
1553 1534 1674 1569 διφρείαν
1687 1555 1694 1568 ‚
1717 1535 1762 1561 καὶ

128 1584 243 1611 bertate.
268 1583 335 1610 Nam
353 1584 408 1610 illic
428 1583 537 1618 quidem
564 1591 681 1618 corpore
704 1582 819 1610 llerodis
832 1583 921 1611 scelus

128 1630 410 1657 circumscribcbatur
422 1639 428 1656 :
439 1629 484 1656 bic
500 1637 565 1656 vero
580 1629 692 1656 violatio
709 1629 771 1656 fidei
786 1628 819 1655 ad
835 1629 921 1656 totius

129 1677 254 1703 bumana:
270 1680 374 1702 naturae
391 1675 521 1709 injuriam
540 1674 721 1701 redundabat.
736 1674 782 1701 Ille
798 1674 830 1700 ad
846 1682 921 1701 mor-

128 1726 183 1749 tem
210 1729 298 1756 usque
328 1724 485 1755 perseverat.
509 1720 536 1747 in
557 1720 682 1747 libertate
708 1721 865 1752 sermonis,
895 1724 922 1746 et

129 1769 193 1795 huie
211 1768 273 1794 sinis
288 1768 387 1802 lingum
402 1766 535 1793 libertatis
561 1767 688 1793 exsilium
705 1766 813 1793 exsistit
830 1787 836 1798 ‚
859 1774 920 1793 eum

129 1815 276 1849 imperator
295 1814 365 1840 banc
392 1820 501 1847 poenam
541 1813 568 1839 in
595 1820 656 1839 eum
687 1813 746 1839 loco
775 1812 922 1839 mortifera:

129 1861 272 1888 sententiae
290 1859 441 1887 statuisset.
457 1859 490 1884 At
505 1859 576 1886 enim
589 1857 710 1886 Joanncs
728 1864 789 1893 post
806 1864 921 1886 mortem

128 1907 220 1934 vivere
248 1906 410 1933 credebatur
425 1905 544 1933 :Basilio
572 1905 636 1932 item
659 1905 693 1931 ab
714 1905 833 1931 inimicis
853 1904 921 1939 ipsis

129 1953 266 1980 sententia
296 1952 384 1979 exsilii
413 1951 582 1978 rescinditur
597 1971 604 1982 ‚
620 1959 681 1977 eum
698 1955 810 1986 propter
831 1951 920 1978 minas

130 1999 216 2025 nihilo
233 1998 374 2025 remissior
389 2002 415 2024 et
427 1997 537 2032 segnior
550 1997 639 2023 sactus
656 2000 727 2024 essct
741 1997 774 2023 ad
792 1998 922 2024 resisten-

130 2044 205 2070 dum.
225 2044 264 2070 An
281 2044 362 2070 etiam
377 2043 538 2069 audebimus
556 2043 588 2069 ad
604 2042 747 2069 sublimem
767 2042 851 2069 Eliam
865 2051 922 2070 ser-

129 2097 209 2115 mone
227 2089 394 2119 ascendcre,
415 2092 441 2114 et
457 2087 603 2114 ostendere
630 2091 754 2114 nostrum
782 2088 921 2115 doctorem
945 2112 948 2115 .

130 2143 185 2162 suae
204 2136 265 2161 vitze
292 2135 417 2160 instituto
441 2134 514 2160 illius
537 2133 631 2168 gratiae
649 2134 815 2161 assimilari?
831 2134 922 2161 Enim-

131 2189 195 2208 vero
211 2185 239 2207 ut
260 2182 286 2207 in
310 2182 434 2208 llnnnneo
459 2188 542 2207 curru
568 2180 660 2207 sedeat
678 2185 761 2214 atque
786 2181 919 2213 vehatur,

130 2232 156 2254 et
173 2228 265 2262 igneos
284 2235 368 2262 equos
390 2227 564 2260 moderetur,
582 2231 608 2254 et
621 2228 654 2253 ad
667 2236 725 2253 cam
746 2232 918 2261 potestatem,

130 2282 190 2309 qua:
208 2282 311 2308 superte
331 2275 459 2308 pra—sidet
475 2281 566 2300 rerum
584 2279 698 2306 nattum,
722 2276 896 2309 transmigret
911 2295 918 2307 ‚

130 2326 210 2345 nemo
237 2319 355 2353 postulet
380 2318 414 2345 ab
442 2319 560 2345 bumana
585 2322 682 2345 natura
714 2319 787 2353 (nam
806 2327 856 2346 nec
877 2320 921 2347 ille

130 2365 240 2399 quidem
259 2366 329 2391 intra
344 2365 476 2391 terminos
499 2369 526 2391 et
549 2365 649 2392 limites
674 2370 780 2392 naturae
804 2374 919 2393 manens

132 2412 233 2438 illaesus
258 2412 284 2437 in
303 2412 357 2446 igni
378 2412 615 2443 conservabatur,
638 2419 699 2443 eum
728 2418 846 2439 terreum
867 2413 919 2439 boc

132 2458 238 2492 pondus
251 2457 342 2483 divina
357 2457 381 2483 vi
396 2457 428 2483 ad
444 2465 502 2483 eam
520 2458 669 2489 levitatem,
686 2466 746 2492 quae
760 2459 785 2485 in
803 2459 919 2485 sublime

133 2503 258 2534 serretur,
269 2502 485 2536 transormaret),
498 2510 585 2537 neque
596 2503 680 2537 (vero)
693 2504 763 2538 qnod
776 2513 826 2531 suo
837 2506 920 2532 verbo

132 2546 214 2571 veluti
234 2546 302 2572 clavi
319 2547 513 2581 utereturcjus
540 2547 697 2579 facultatis,
714 2556 773 2583 qum
793 2549 826 2576 de
849 2551 919 2577 coelo

132 2593 367 2626 suppeditabatur,
388 2597 414 2620 et
430 2594 556 2628 aperiens
573 2595 682 2630 quando
699 2596 778 2622 vellet
790 2616 797 2627 ,
818 2601 843 2623 et
861 2605 920 2624 rur-

132 2647 179 2665 sus
193 2639 333 2670 claudens,
349 2647 410 2666 enm
426 2640 451 2666 id
478 2640 567 2667 facere
585 2642 755 2669 commodius
769 2650 829 2669 csse
845 2644 919 2671 ride-

937 2211 960 2238 D
976 2229 1009 2253 ”A

973 1581 1022 1616 τὴν
1039 1580 1092 1606 τῶν
1116 1579 1234 1614 πυρίνων
1251 1580 1392 1614 ἡνιόχησιν
1417 1580 1523 1613 ἵππων,
1556 1581 1603 1607 καὶ
1618 1581 1666 1616 τὴν
1694 1582 1762 1616 πρὸς

973 1627 1002 1653 τὸ
1021 1626 1216 1661 ὑπερκείμενον
1233 1626 1281 1660 τῆς
1298 1626 1353 1652 ἄνω
1369 1625 1472 1660 λήξεως
1486 1627 1673 1662 μεταχώρησιν
1687 1648 1693 1659 ,
1711 1636 1762 1663 μη-

973 1673 1028 1704 δεὶς
1053 1673 1202 1699 ἀπαιτεῖ-,ω
1224 1672 1273 1708 τὴν
1297 1672 1469 1707 ἀνθρωπίνην
1497 1673 1586 1706 φύσιν.
1612 1673 1678 1699 Οὐδὲ
1708 1674 1762 1708 γὰρ

974 1720 1076 1750 ἐκεῖνος
1101 1720 1129 1745 ἐν
1153 1720 1209 1749 τοῖς
1234 1719 1307 1753 ὅροις
1328 1719 1415 1753 με’νων
1439 1718 1489 1753 τῆς
1514 1719 1636 1753 φύσεως,
1656 1720 1763 1755 ἀπαθὴς

973 1767 1002 1792 ὲν
1019 1766 1056 1800 τῷ
1075 1766 1141 1800 πυρὶ
1164 1765 1322 1797 διεσώζετο,
1350 1765 1417 1800 πρὸς
1440 1765 1470 1791 τὸ
1493 1766 1631 1800 ἀνωφερὲς
1659 1775 1688 1791 τε
1716 1766 1762 1791 καὶ

973 1813 1072 1846 κοῦφον
1091 1812 1150 1847 055?-
1167 1811 1280 1846 δυνάμει
1300 1810 1509 1846 μετασκευάζων
1534 1810 1564 1836 τὸ
1585 1811 1713 1845 ὲμὸριῡές
1732 1820 1761 1836 τε

973 1860 1019 1885 καὶ
1035 1859 1137 1894 γήϊνον,
1157 1857 1218 1893 μή0’
1230 1858 1270 1883 ὅτι
1287 1857 1331 1882 τὸν
1344 1856 1439 1882 ἑαυτοῦ
1457 1856 1534 1890 λόγον
1549 1853 1603 1882 οἷον
1615 1865 1674 1884 τινα
1690 1856 1762 1882 κλεῖν

973 1906 1090 1931 ἐποιεῖτο
1113 1905 1162 1939 τῆς
1191 1904 1219 1936 ἐξ
1244 1903 1357 1938 οὐρανοῦ
1387 1902 1537 1938 χορηγίας,
1564 1903 1647 1933 ἀνιείς
1671 1911 1700 1928 τε
1718 1903 1761 1928 ὅτε

974 1951 1094 1987 βούλοιτο
1108 1970 1114 1981 ,
1133 1950 1179 1977 καὶ
1203 1949 1354 1976 ἀποκλείων
1372 1949 1452 1976 πάλιν
1478 1949 1537 1975 κατ’
1560 1948 1682 1980 ἐξουσίαν
1694 1969 1700 1981 ,
1717 1949 1760 1975 ὅτε

973 1998 1051 2024 τοῦτο
1065 1997 1196 2032 πράττειν
1217 1997 1327 2030 ἄμεινον
1341 1995 1419 2030 ᾤετο.
1446 1995 1526 2022 Ἀλλὰ
1540 1995 1587 2021 καὶ
1602 1995 1631 2021 τὸ
1655 1996 1693 2026 εἰς
1711 2003 1761 2020 πο-

972 2045 1019 2071 λὺν
1039 2044 1118 2070 αὐτὸν
1138 2043 1278 2078 διαρκέσαι
1304 2042 1400 2077 χρόνον
1429 2042 1575 2073 ἀπόσιτον,
1599 2042 1647 2076 μιᾷ
1675 2043 1759 2076 τροφῇ

973 2090 1018 2116 τοῦ
1038 2089 1184 2125 ὲγκρυφίου
1203 2087 1305 2114 ἐκείνου
1323 2086 1445 2121 ολυρίτου
1468 2087 1496 2112 ἐν
1513 2086 1596 2120 ὁμοίῳ
1614 2086 1662 2120 τὴν
1682 2085 1760 2111 δύνα-

975 2145 1019 2172 μιν
1033 2135 1114 2162 αὐτοῦ
1128 2133 1292 2165 δια-σώζοντα
1305 2133 1400 2168 μέχρις
1413 2132 1524 2167 ἡμερῶν
1537 2131 1741 2166 τεσσαράκοντα
1754 2139 1759 2146 ’

974 2181 1113 2217 παρείσθω
1137 2180 1184 2207 καὶ
1207 2180 1284 2206 τοῦτο
1298 2200 1304 2211 ,
1323 2180 1359 2210 ὡς
1376 2179 1466 2213 μεῖζον
1483 2179 1498 2213 ἢ
1517 2178 1586 2204 κατὰ
1607 2178 1758 2212 ἄνθρωπον.

1013 2236 1094 2262 πορος
1108 2227 1161 2261 γὰρ
1177 2228 1208 2261 τῇ
1224 2225 1381 2261 ἀνθρωπίνῃ
1400 2224 1478 2257 φύσει
1491 2224 1545 2249 τῶν
1562 2223 1629 2258 ὑπὲρ
1647 2223 1724 2258 φύσιν
1743 2225 1759 2258 ἡ

971 2276 1097 2310 μίμησις.
1115 2273 1239 2306 Σιγάσῦω
1251 2272 1279 2297 δὲ
1303 2271 1370 2306 μετὰ
1382 2270 1509 2296 *co-§vomi
1525 2279 1553 2295 τε
1576 2270 1677 2305 βραχὺς
1691 2272 1760 2296 ἐκεῖ·

969 2330 1013 2352 νος
1027 2320 1073 2346 τοῦ
1093 2318 1207 2354 ἀλεύρου
1234 2317 1353 2352 κέραμος
1364 2338 1370 2348 ,
1388 2316 1434 2342 καὶ
1459 2317 1472 2341 ὁ
1485 2316 1531 2342 τοῦ
1546 2316 1634 2342 ἐλαίου
1651 2317 1760 2357 καμψά-

970 2374 1036 2401 κης·
1050 2365 1168 2400 διαρκῶν
1193 2363 1322 2396 ἑκάτερος
1340 2362 1406 2396 πρὸς
1423 2362 1472 2394 τὴν
1497 2362 1591 2396 χρείαν
1614 2363 1641 2387 ἐν
1656 2363 1688 2396 τῇ
1710 2363 1760 2397 τῆς

970 2412 1072 2447 τροφῆς
1086 2410 1212 2446 χορηγίᾳ,
1229 2410 1275 2435 καὶ
1293 2408 1374 2434 παντὶ
1387 2408 1432 2434 τοῦ
1449 2407 1526 2442 λιμοῦ
1543 2407 1581 2441 τῷ
1594 2407 1680 2442 χρόνῳ
1696 2416 1759 2441 συμ-

972 2457 1140 2493 παρατείνων
1157 2456 1205 2490 τὴν
1219 2455 1308 2490 χάριν,
1325 2454 1363 2484 εἰς
1375 2453 1420 2488 ἐ’τη
1434 2455 1496 2488 τρία
1511 2453 1557 2479 καὶ
1572 2453 1656 2487 μῆνας
1667 2453 1705 2484 ἐ’ξ.
1719 2453 1759 2479 Τὰ

972 2505 1026 2539 γὰρ
1039 2503 1086 2538 τῆς
1103 2502 1204 2529 ἄνωθεν
1219 2500 1357 2535 ἐνεργείας
1379 2499 1513 2534 θαύματα,
1538 2498 1687 2529 ἰδιάζουσαν
1713 2499 1759 2525 ἐπὶ

972 2552 1025 2577 τῶν
1041 2550 1127 2584 ἔργων
1141 2548 1196 2583 ἔχει
1210 2547 1258 2582 τὴν
1277 2547 1399 2581 δύναμιν.
1416 2546 1470 2572 Καὶ
1482 2546 1529 2572 οὐκ
1543 2545 1574 2571 ἄν
1586 2554 1626 2576 τις
1641 2546 1759 2578 εὐλόγως

973 2597 1130 2633 ἀνθρωπίνῃ
1148 2595 1227 2629 φύσει
1246 2594 1295 2624 τὰς
1313 2594 1439 2624 τοιαύτας
1453 2593 1663 2627 θαυματοποιίας
1686 2592 1760 2625 λογί·-

975 2652 1059 2671 &2¹30-

133 2689 217 2711 retur.
240 2684 406 2717 Quinetiam,
424 2686 496 2720 quod
511 2687 542 2713 ad
561 2688 677 2714 multum
695 2688 740 2715 ille
758 2692 865 2724 ternpus
886 2691 1006 2718 inediam
1041 2689 1187 2718 toleraret,
1215 2694 1269 2713 uno
1293 2685 1355 2712 cibo
1389 2684 1562 2712 subcinericii
1592 2684 1664 2710 illins
1695 2684 1759 2709 lior-

132 2732 223 2759 dcacci
243 2734 321 2767 panis
343 2734 368 2759 in
386 2735 442 2768 pari
460 2735 620 2763 babitudiue
638 2736 710 2764 vires
737 2745 802 2765 suas
829 2738 861 2765 ad
894 2738 1075 2774 quadraginta
1101 2743 1188 2770 usque
1213 2735 1271 2762 dies
1296 2740 1463 2761 conservans
1490 2752 1497 2764 ‚
1536 2733 1759 2766 praetermittatur

133 2781 214 2807 etiam
234 2782 296 2812 boc,
326 2787 419 2817 utpote¹
443 2785 551 2819 majus,
571 2793 651 2820 qnam
677 2786 794 2813 lunnana
828 2787 919 2821 capiat
952 2791 1061 2814 natura.
1084 2785 1184 2812 Earum
1202 2783 1275 2811 euim
1293 2789 1400 2816 reruni„
1426 2787 1493 2819 'qum
1520 2784 1648 2815 superant
1680 2785 1758 2806 natu-

172 2871 193 2887 ¹⁰
212 2871 292 2899 Rom.
306 2882 364 2903 viu.
382 2874 425 2900 58.
