1878 3036
138 119 191 147 {79

774 122 801 148 S.
815 121 978 150 GleGORtt
1000 123 1146 150 NYSSENI

1708 130 1759 156 180

139 178 247 205 mudum
260 178 331 204 enim
347 178 433 212 prima
448 177 590 204 infantium
603 182 668 205 aetas
681 185 797 205 mannua
812 187 842 206 ac
854 180 922 207 lacte
939 183 960 210 A
975 181 1065 216 ἡλικία
1077 181 1254 216 τιθηνουμένη
1266 182 1425 217 ὲκτρέφεται
1440 190 1445 196 ·
1463 181 1519 209 εἶτα
1534 184 1681 219 διαδέχεται
1695 187 1757 212 ταύ-

141 224 241 249 nutrita
265 223 414 255 educatum
434 223 531 250 deiude
552 224 622 250 alius
647 225 813 252 conveniens
837 225 860 252 ci
880 227 922 251 cui

140 269 284 295 adhibetur
302 270 400 303 excipit
426 269 514 300 cibus,
541 272 588 304 qui
612 270 725 297 idoneus
748 278 779 297 ac
798 271 924 305 proprius

140 316 175 342 sit
195 316 254 348 ejus
269 316 314 349 qui
333 315 480 347 enutritur,
501 316 588 342 donec
608 316 640 342 ad
658 316 805 350 perfectam
828 325 924 351 pcrvc-

141 362 210 387 norit
226 365 348 387 :etatemz
366 361 400 386 ita
415 360 512 395 opinor
525 361 606 387 etiam
621 362 738 388 animam
760 370 807 396 per
819 369 849 388 ca
865 369 925 395 quac

141 412 246 438 semper
261 405 441 438 competentia
461 405 511 431 sibi
533 410 614 440 atque
636 407 840 433 accommodata
859 407 923 438 siut,

141 451 236 478 ordine
253 455 333 486 atque
350 453 544 487 consequentia
561 453 677 488 quadam
694 453 851 488 participem
867 453 923 480 lieri

141 498 199 532 ejus
218 498 290 528 vitae,
311 506 370 532 quae
393 499 543 526 secundum
569 506 694 526 naturam
713 504 764 530 est,
794 502 924 533 quantam

141 544 213 578 capit
230 552 260 570 ac
275 548 374 579 potest,
390 545 423 572 de
442 545 475 572 iis
491 553 550 580 quse
562 546 588 572 in
606 545 772 572 beatitudine
784 545 924 580 proposita

140 594 215 619 sunt,
243 593 345 623 partem
364 590 527 624 capientem,
544 591 774 625 quemadmodum
799 592 879 618 etiam
899 591 924 617 id

141 642 155 660 a
171 634 254 661 Paulo
274 635 429 667 didicimus,
457 636 537 662 aliter
553 637 691 663 nutriente
714 644 775 663 eum
800 637 845 671 qui
868 636 924 670 Jam

141 687 188 713 per
205 681 332 707 virtutem
348 681 476 712 creverit,
501 682 580 708 aliter
596 681 727 708 infantem
750 686 777 709 et
798 680 912 716 imperfe

140 726 251 752 ctiorem
267 736 272 752 :
290 734 351 752 nam
365 727 397 753 ad
410 727 687 762 lmjusmodiquidem
704 727 790 754 dicit:
810 737 818 752 ι
834 726 925 754 Laetis

140 775 202 804 potu
221 780 267 799 vos
287 773 351 804 alui,
369 777 395 799 et
411 781 466 800 non
483 773 564 806 cibo;
585 773 706 800 nondum
726 773 797 800 enim
817 778 924 808 potera-

140 817 175 843 tis
187 818 205 843 ὓ.
220 827 228 843 ι
248 817 286 844 Ad
300 824 443 846 cos-autem
455 820 500 854 qui
517 820 572 853 Jam
582 819 759 854 impleverant
769 827 923 846 mensuram

974 236 1022 261 την
1038 227 1201 262 κατάλληλος
1216 228 1295 262 ἑτέρα
1307 229 1345 264 τῷ
1361 229 1529 264 ὑποκειμένῳ
1542 231 1636 266 τροφὴ,
1652 232 1758 264 οἰκείως

974 280 1003 297 τε
1019 272 1064 297 καὶ
1087 272 1243 307 ἐπιτηδείως
1259 273 1326 308 πρὸς
1342 273 1372 299 τὸ
1388 274 1553 308 τρεφόμενον
1577 275 1683 309 ἔχουσα,
1706 276 1758 307 ἐ’ως

974 318 1006 344 ἂν
1021 318 1066 344 ἐπὶ
1079 317 1109 344 τὸ
1122 319 1220 345 τέλειον
1236 319 1325 355 φθάσῃ
1338 328 1344 334 ·
1362 320 1446 351 οὕτως
1462 318 1538 355 οἶμαι
1552 321 1598 347 καὶ
1611 321 1659 356 τὴν
1671 322 1758 357 ψυχὴν

975 363 1017 390 διὰ
1034 364 1086 389 τῶν
1109 365 1151 390 ἀεὶ
1176 365 1348 400 καταλλήλων
1367 366 1442 397 τάξει
1466 367 1519 392 τινὶ
1543 367 1589 392 καὶ
1615 367 1759 402 ἀκολουθία

977 409 1099 444 μετέχειν
1114 411 1162 445 τῆς
1175 411 1244 437 κατὰ
1260 411 1339 445 φύσιν
1354 411 1436 446 ζωῆς,
1448 413 1485 443 ὼς
1499 414 1581 447 χωρεῖ
1592 414 1637 439 καὶ
1650 413 1757 440 δύναται

975 454 1028 480 τῶν
1042 457 1070 481 ὲν
1090 457 1122 490 τῇ
1142 456 1321 491 μακαριότητι
1336 457 1520 492 προκειμένων
1538 458 1759 492 μεταλαμέάνου-

977 510 1020 534 σα,
1038 501 1128 533 καθὼς
1143 503 1189 528 καὶ
1204 502 1277 537 παρὰ
1290 502 1336 528 τοῦ
1360 503 1463 529 Παύλου
1487 504 1517 529 τὸ
1530 504 1647 530 τοιοῦτον
1661 505 1758 538 ἐμάθο-

978 555 1036 581 μεν,
1053 547 1138 578 ἄλλως
1151 547 1295 581 τρέφοντος
1308 548 1352 574 τον
1369 549 1418 583 ἤδη
1439 549 1483 575 διὰ
1497 550 1547 584 τῆς
1563 550 1661 584 ἀρετῆς
1678 550 1760 584 αὐξη-

977 593 1065 624 θέντα,
1083 594 1129 620 καὶ
1155 593 1254 629 ἑτέρως
1267 594 1296 620 τὸ
1313 596 1407 630 νήπιον
1422 596 1468 621 καὶ
1485 595 1669 630 ἀτελέστερον.
1689 596 1759 630 Πρὸς

978 638 1026 673 μὲν
1054 639 1107 674 γὰρ
1131 640 1192 670 τοὺς
1222 639 1356 671 τοιούτους
1382 641 1472 675 φησὶν,
1501 642 1542 666 ὅτι
1568 650 1577 665 ⁴
1593 641 1664 667 Γάλα
1689 642 1761 676 ὑμᾶς

977 684 1098 715 ἐπότισα,
1115 685 1144 710 οὐ
1161 685 1256 720 βρῶμα
1269 694 1275 701 ·
1294 686 1368 712 οὔπω
1384 686 1438 722 γὰρ
1450 686 1597 720 ἠδύνασθε·
1617 696 1624 711 ι
1652 687 1720 722 πρὸς
1733 688 1760 713 δὲ

976 731 1038 761 τοὺς
1059 730 1272 766 πεπληρωκότας
1287 733 1316 758 τὸ
1341 733 1437 768 μέτρον
1458 734 1506 767 τῆς
1529 733 1625 767 νοητῆς
1640 733 1758 767 ἡλικίας,

979 785 988 801 ι
1003 776 1116 802 Τελείων
1128 776 1156 802 δέ
1170 778 1237 808 ἐστι,
1254 787 1262 802 ›
1284 779 1374 813 φησὶν,
1405 788 1413 804 ‹
1430 779 1445 812 ἡ
1460 779 1556 814 στερεὰ
1571 779 1668 814 τροφὴ,
1684 788 1692 804 ι
1706 779 1760 805 τῶν

976 822 1019 848 διὰ
1031 822 1078 856 τὴν
1095 822 1149 855 ἕξιν
1171 823 1205 848 τὰ
1228 823 1390 859 αἰσθητήρια
1406 825 1618 860 γεγυμνασμένα
1633 825 1758 859 ἑχόντων.

139 863 236 894 aetatis,
257 871 317 898 quae
336 865 439 891 ratione
455 872 485 890 ac
509 868 598 891 mente
620 865 787 898 percipitur:
810 874 819 890 ‹
835 865 925 891 Perse·
941 857 961 884 B
976 868 1107 903 Καθάπερ
1122 869 1209 895 τοίνυν
1220 869 1268 895 οὐκ
1283 869 1354 895 ἐ’στιν
1368 871 1395 895 ἐν
1410 871 1464 900 τοῖς
1479 870 1580 904 ὁμοίοις
1593 871 1678 896 εἰπεῖν
1691 869 1759 896 εἶναι

140 913 245 934 ctorum
268 913 358 935 autem
374 915 425 940 est,
439 920 447 935 ι
468 910 566 944 inquit,
586 910 709 937 «solidus
729 911 809 938 cibus
819 911 861 943 ⁷,»
880 911 925 945 qui

139 962 187 988 per
209 955 330 981 habitum
349 957 471 983 sensoria
491 957 592 983 habent
614 957 774 984 exercitata.
791 956 926 990 Quemad-

139 1000 249 1026 modum
275 1001 357 1035 igitur
376 1002 429 1028 dici
457 1009 510 1029 non
532 1007 631 1036 potest,
657 1003 685 1030 in
705 1003 842 1031 similibus
866 1011 925 1031 esse

138 1046 225 1071 virum
242 1050 268 1073 et
292 1046 432 1079 infantem,
458 1048 565 1075 etiamsi
591 1053 687 1076 neuter
709 1057 804 1076 eorum
830 1050 926 1076 morbo

139 1089 398 1126 aliquo'implicetur
412 1103 418 1119 :
433 1094 499 1128 (quo
515 1098 596 1128 pacto
609 1094 681 1121 enim
698 1095 724 1121 in
739 1095 850 1129 paribus
862 1103 923 1122 ver-

139 1138 193 1164 sari
213 1138 319 1166 deliciis
335 1141 452 1174 possint,
470 1141 516 1175 qui
530 1141 686 1168 earumdem
702 1149 793 1168 rerum
811 1142 924 1176 partici-

138 1191 186 1217 pes
207 1192 261 1210 non
277 1186 372 1218 sunt?)
389 1186 436 1213 scd
457 1187 553 1214 morbo
567 1187 676 1221 quidem
696 1188 773 1214 nullo
794 1188 884 1222 affligi,
899 1193 925 1215 et

138 1228 164 1254 iu
185 1228 235 1255 hcc
250 1235 276 1255 et
293 1229 319 1255 in
337 1230 382 1256 illo
397 1230 524 1257 similiter
540 1230 651 1262 dicitur,
670 1231 791 1266 quaudiu
820 1233 925 1266 passio-

137 1274 180 1300 nis
197 1278 224 1300 ct
248 1274 403 1302 afflictionis
429 1279 543 1310 uterque
562 1284 659 1310 expers
680 1281 731 1309 cst,
756 1277 803 1304 sed
818 1277 924 1305 fructus

137 1319 297 1346 deliciarum
319 1328 373 1347 non
396 1321 513 1354 amplius
529 1322 562 1348 ab
582 1322 677 1349 iisdem
695 1322 819 1349 similiter
835 1323 924 1357 perci-

137 1365 210 1398 pilur
225 1365 303 1394 (nam
321 1367 384 1393 huic
398 1366 506 1401 quidem
529 1367 590 1394 licet
607 1368 649 1395 vel
667 1368 837 1396 orationibus
851 1369 925 1395 dele-

137 1414 216 1444 ctari,
234 1414 274 1440 vel
301 1414 383 1440 rebus
399 1422 526 1448 praeesse,
543 1415 584 1441 vel
605 1423 666 1442 cum
687 1415 769 1443 laude
791 1423 822 1442 ac
838 1416 924 1450 gloria

137 1459 313 1493 magistratus
341 1467 443 1493 gerere,
470 1461 512 1487 vel
539 1460 736 1488 benefaciendo
765 1461 924 1488 hominibus

137 1505 280 1540 egentibus
305 1506 468 1539 clarescere,
487 1507 528 1534 vel
555 1508 578 1534 si
605 1515 650 1534 res
673 1508 709 1534 ita
736 1508 837 1541 tulerit,
862 1516 922 1536 curn

137 1559 231 1583 uxore,
249 1559 308 1586 qum
328 1552 403 1578 cordi
433 1552 478 1584 sit,
507 1553 681 1580 matrimonio
703 1553 827 1588 junctum
852 1562 922 1587 esse,

137 1604 168 1623 ac
186 1597 278 1624 domui
303 1605 436 1632 praeesse;
454 1605 484 1624 ac
502 1598 525 1625 si
547 1606 599 1632 qua
619 1599 672 1625 alia
687 1607 735 1633 per
757 1600 826 1626 hanc
839 1601 923 1626 vitam

137 1650 190 1668 mia
202 1651 263 1669 cum
274 1643 316 1670 his
327 1643 448 1678 jucunda
462 1644 525 1671 licet
536 1645 667 1675 invenire,
686 1649 741 1672 tum
757 1651 922 1679 acroamata,

137 1692 193 1715 tum
226 1690 391 1723 spectacula,
418 1691 587 1722 venationes,
623 1691 742 1721 lavacra,
771 1694 922 1727 gymnasia,

137 1735 292 1762 convivales
313 1736 396 1762 animi
417 1737 623 1769 delectationes,
654 1745 686 1764 ac
710 1739 732 1765 si
760 1739 824 1773 quid
850 1739 922 1766 aliud

136 1782 270 1815 ejusmodi
293 1786 350 1809 est:
367 1788 393 1808 at
417 1783 512 1811 infanti
530 1783 635 1810 deliciae
658 1789 720 1811 sunt
738 1785 788 1816 lac,
808 1785 923 1812 nutricis

137 1827 217 1857 ulure,
233 1827 324 1861 quieta
341 1836 372 1855 ac
383 1829 487 1862 placida
503 1829 597 1861 motio,
616 1838 676 1864 quae
688 1838 812 1857 somnum
828 1830 924 1858 invitet

137 1877 163 1899 et
177 1873 327 1900 demulceat
340 1882 348 1906 ;
366 1882 426 1900 nam
437 1874 602 1909 imperfectae
613 1876 700 1903 aetatis
713 1883 744 1903 ea
761 1880 858 1902 natura
870 1880 922 1908 est,

137 1924 166 1944 ut
185 1927 245 1953 quae
267 1924 377 1954 superet
399 1920 468 1947 lianc
489 1920 701 1948 oblectationem
728 1929 782 1948 non
804 1922 923 1956 capiat):

137 1964 231 1991 codem
249 1966 338 1996 modo,
356 1966 401 1999 qui
419 1974 466 2000 per
483 1967 609 1993 virtutem
627 1967 654 1993 in
675 1967 725 1994 hac
741 1968 795 1994 vita
817 1969 924 1995 animas

137 2011 319 2043 nutriverunt,
341 2017 377 2044 et,
403 2018 431 2039 ut
453 2013 541 2047 iuquit
565 2013 723 2047 Apostolus,
752 2014 850 2040 mentis
869 2021 925 2041 suae

137 2065 267 2084 sensuum
292 2058 472 2086 iustrumenta
494 2065 686 2091 exercuerunt,
705 2060 727 2087 si
748 2059 780 2086 ad
795 2060 924 2095 incorpo-

137 2110 211 2130 ream
228 2104 300 2130 illam
315 2105 397 2130 vitam
415 2105 605 2137 traducantur,
629 2114 678 2140 pro
694 2107 798 2134 ratione
814 2107 924 2134 habitus

138 2156 170 2175 ac
188 2150 323 2182 potentia),
341 2158 402 2184 quae
417 2151 443 2176 in
465 2151 531 2184 ipsis
547 2152 621 2183 insit,
644 2152 797 2178 divinarum
814 2152 925 2179 delicia-

975 914 1020 940 τὸν
1046 914 1128 948 ἄνδρα
1157 922 1186 939 τε
1214 915 1258 940 καὶ
1283 915 1313 940 τὸ
1336 915 1439 949 νήπιον,
1466 915 1516 941 κᾶν
1539 916 1655 950 μηδεμία
1684 916 1760 947 νόσος

977 961 1096 995 ἑκατέρῳ
1119 961 1220 987 τούτων
1247 961 1452 995 προσάπτηται“
1472 961 1547 995 (πῶς
1563 961 1615 996 γὰρ
1631 961 1663 987 ἂν
1681 963 1708 987 ἐν
1722 962 1762 996 τῷ

977 1007 1026 1042 ἴσῳ
1046 1007 1095 1042 τῆς
1119 1007 1224 1041 τρυιρῆς
1247 1007 1382 1040 γένοιντο,
1402 1007 1426 1032 οἱ
1442 1006 1495 1032 τῶν
1521 1007 1608 1032 αὐτῶν
1634 1007 1669 1042 μὴ
1695 1016 1759 1042 μετ-

976 1052 1111 1087 έχοντες;)
1125 1053 1191 1079 ἀλλὰ
1210 1053 1240 1078 τὸ
1264 1053 1311 1086 μὲν
1332 1052 1368 1087 μὴ
1389 1052 1535 1078 κακοῦσθαι
1550 1052 1620 1087 νόσῳ
1634 1053 1697 1083 τινὶ,
1715 1054 1760 1079 καὶ

976 1099 1022 1125 ἐπὶ
1045 1100 1139 1125 τούτου
1163 1099 1210 1125 καὶ
1233 1100 1274 1125 ἐπ’
1291 1099 1392 1125 ἐκείνου
1418 1099 1524 1132 λέγεται
1552 1098 1758 1133 παραπλησίως,

975 1145 1028 1176 ἕως
1045 1145 1076 1171 ἂν
1089 1145 1140 1176 ἔξω
1154 1145 1255 1176 πάθους
1268 1143 1421 1180 ἐκάτεροςῇ
1436 1152 1442 1157 ·
1459 1144 1512 1170 τῶν
1523 1144 1550 1170 δὲ
1568 1144 1637 1170 κατὰ
1657 1144 1760 1178 τρυφὴν

976 1191 992 1224 ὴ
1009 1190 1157 1220 ἀπόλαυσις
1182 1190 1272 1215 οὐκέτι
1300 1189 1399 1224 ὁμοίως
1418 1189 1489 1224 παρὰ
1503 1189 1556 1215 τῶν
1579 1188 1668 1215 αὐτῶν
1683 1190 1759 1223 ἐνερ-

977 1237 1066 1269 γεῖται
1094 1234 1143 1269 (τῷ
1169 1235 1216 1269 μὲν
1246 1234 1299 1269 γὰρ
1325 1234 1442 1269 ὑπάρχει
1467 1234 1513 1259 καὶ
1540 1232 1583 1259 διὰ
1608 1233 1694 1266 λόγων
1716 1233 1761 1258 εὑ-

976 1281 1146 1316 φραίνεσθαι,
1168 1281 1215 1306 καὶ
1231 1280 1399 1314 πραγμάτων
1416 1280 1579 1309 ἐπιστατεῖν,
1601 1279 1646 1305 καὶ
1659 1279 1761 1304 εὐδοκί-

978 1335 1034 1362 μως
1047 1327 1133 1362 ἀρχὰς
1150 1326 1280 1361 μετιέναι,
1298 1326 1344 1351 καὶ
1361 1326 1420 1356 ταῖς
1432 1324 1485 1351 τῶν
1501 1324 1634 1359 δεομένων
1650 1324 1760 1358 εὐεργε-

977 1373 1046 1404 σίαις
1064 1371 1279 1407 λαμπρύνεσθαι,
1303 1372 1410 1406 γαμετῇ
1429 1379 1458 1396 τε
1481 1371 1623 1400 συνοικεῖν,
1641 1370 1673 1396 ἂν
1690 1369 1762 1395 οὔτω

976 1419 1044 1454 τύχῃ
1067 1418 1233 1453 καταθυμία,
1259 1418 1305 1443 καὶ
1327 1417 1400 1442 οἴκου
1424 1417 1534 1451 ἄρχειν,
1562 1416 1608 1442 καὶ
1625 1416 1674 1442 ὅσα
1690 1415 1760 1441 κατὰ

975 1466 1068 1492 τοῦτον
1082 1465 1154 1491 ἔστιν
1169 1464 1234 1500 ἡδέα
1246 1464 1291 1490 τὸν
1305 1463 1459 1498 παραὸατὸν
1477 1463 1532 1496 βίον
1548 1463 1646 1496 εὑρεῖν,
1660 1462 1760 1496 ἀκροά-

939 1527 959 1555 C
979 1511 1051 1546 ματά
1065 1519 1093 1536 τε
1108 1511 1153 1536 καὶ
1166 1510 1298 1544 θεάματα,
1313 1509 1394 1544 θῆραι
1412 1509 1458 1534 καὶ
1473 1508 1582 1543 λουτρὰ,
1598 1508 1643 1533 καὶ
1656 1508 1760 1542 γυμνά·

977 1566 1031 1588 σια,
1047 1557 1092 1583 καὶ
1112 1556 1258 1591 συμπόσια,
1283 1555 1330 1581 καὶ
1343 1554 1482 1589 θυμηδίαι,
1504 1554 1548 1580 καὶ
1564 1554 1589 1580 εἴ
1602 1562 1627 1579 τι
1642 1553 1760 1578 τοιοῦτον

975 1604 1065 1638 ἕτερον
1076 1611 1082 1618 ·
1099 1602 1137 1636 τῷ
1151 1602 1178 1628 δὲ
1191 1601 1279 1636 νηπίῳ
1299 1602 1315 1636 ἠ
1336 1600 1434 1635 τρυφὴ,
1451 1600 1480 1626 τὸ
1498 1600 1567 1634 γάλα
1592 1600 1659 1630 ἐστὶ,
1682 1599 1728 1624 καὶ
1743 1600 1759 1633 ἡ

975 1650 1022 1684 τῆς
1037 1649 1147 1684 τιθήνης
1163 1648 1283 1682 ἀγκάλη,
1306 1647 1352 1672 καὶ
1367 1647 1486 1682 ὴρεμαία
1501 1646 1606 1680 κίνησις
1620 1646 1664 1671 τον
1678 1645 1759 1671 ὕπνον

975 1693 1141 1728 ἐφελκομένη
1165 1702 1194 1719 τε
1219 1693 1266 1719 καὶ
1288 1692 1420 1727 ἡδύνουσα
1433 1699 1440 1706 ·
1461 1691 1509 1726 τὴν
1523 1691 1574 1726 γὰρ
1590 1691 1658 1725 ὑπὲρ
1683 1690 1760 1715 τοῦτο

975 1739 1141 1774 εὐφροσύνην
1155 1759 1162 1769 ,
1188 1738 1217 1764 τὸ
1233 1738 1325 1768 ἀτελὲς
1341 1737 1391 1771 τῆς
1414 1736 1520 1771 ἡλικίας
1534 1736 1656 1770 χωρῆσαι
1680 1735 1761 1768 φύσιν

974 1786 1022 1812 οὐκ
1038 1785 1103 1819 ἔχει)
1117 1793 1122 1798 ·
1139 1784 1183 1810 τὸν
1200 1784 1280 1810 αὐτὸν
1296 1784 1394 1818 τρόπον
1410 1783 1433 1808 οἱ
1447 1782 1490 1808 διὰ
1504 1783 1551 1816 τῆς
1570 1782 1668 1816 ἀρετῆς
1681 1781 1709 1806 ὲν
1722 1779 1760 1814 τῷ

974 1831 1036 1865 τῇδε
1053 1830 1101 1864 βίῳ
1120 1829 1168 1860 τὰς
1188 1828 1275 1863 ψυχὰς
1298 1827 1455 1862 θρέψαντες,
1475 1827 1531 1857 καὶ,
1547 1825 1635 1856 κα(,ώς
1652 1834 1731 1859 φησιν
1746 1825 1761 1850 ὁ

981 1876 1150 1906 ’Λπόστολος,
1174 1874 1432 1908 καταγύμνὰεαντες
1449 1872 1551 1899 ἑαυτῶν
1570 1872 1603 1897 τὰ
1619 1871 1701 1906 νοητὰ
1718 1872 1760 1897 αὶ-

976 1922 1126 1957 σθητήρια,
1150 1922 1172 1946 εἰ
1196 1921 1263 1955 πρὸς
1289 1920 1335 1954 τὴν
1360 1919 1502 1954 ἀσώματον
1519 1918 1623 1952 ἐκείνην
1643 1925 1760 1952 μετοικι-

977 1969 1062 1994 σθεῖεν
1082 1967 1171 2001 ζωὴν,
1196 1967 1260 2001 πρὸς
1282 1967 1360 2000 λόγον
1377 1968 1426 2000 τῆς
1443 1965 1646 2000 ἐνυπαρχούσης
1670 1965 1761 1995 αὑτοῖς

975 2012 1057 2045 ’ἑξεώς
1074 2021 1102 2038 τε
1127 2013 1172 2038 καὶ
1188 2011 1343 2046 δυνάμεως,
1362 2012 1410 2046 τῆς
1434 2010 1508 2041 θείας
1524 2010 1628 2045 τρυφῆς
1645 2009 1760 2044 μεταλή-

975 2059 1078 2092 ψονται,
1096 2058 1112 2092 ἣ
1128 2058 1258 2088 πλείονος,
1273 2057 1289 2091 ἣ
1306 2056 1454 2088 ἐλάττονος,
1470 2056 1540 2081 κατὰ
1555 2056 1604 2091 τὴν
1620 2055 1759 2090 παροῦσαν

975 2103 1088 2128 ἑκάστου
1102 2102 1215 2137 δύναμιν
1232 2101 1285 2127 τῶν
1301 2101 1486 2135 προκειμένων
1502 2100 1666 2134 μετέχοντες.
1688 2101 1717 2125 Ἠ
1731 2099 1759 2125 δὲ

975 2149 1105 2182 ἄγευστος
1130 2148 1178 2182 τῆς
1200 2147 1300 2182 ἀρετῆς
1316 2146 1397 2181 ψυχὴ,
1422 2145 1475 2171 τῶν
1502 2146 1550 2180 μὲν
1574 2146 1605 2171 ἐκ
1629 2146 1760 2179 πονηρίας

137 2201 197 2220 rum
223 2195 369 2229 participes
393 2200 482 2227 erunt,
508 2196 550 2222 vel
568 2197 697 2230 majorem
724 2197 764 2224 vel
790 2197 922 2224 minorem
939 2194 960 2221 D
975 2193 1077 2225 κακῶν,
1091 2194 1137 2219 ἅτε
1156 2193 1222 2228 μήτε
1237 2193 1284 2227 τὴν
1301 2192 1385 2226 ἀρχὴν
1402 2191 1587 2225 συνενεχθεῐσα
1601 2192 1635 2225 τῇ
1647 2191 1695 2224 τῆς
1711 2200 1759 2216 κα-

138 2239 289 2266 secuudum
311 2245 471 2273 pra-sentem
485 2241 618 2275 cujusque
634 2242 781 2276 potentiam
798 2243 923 2277 proposi-

138 2288 226 2310 torum
249 2288 351 2318 partem
377 2285 526 2318 capientes.
544 2285 578 2312 At
606 2287 696 2312 anima
718 2295 778 2321 quae
793 2288 921 2314 virtutem

139 2329 258 2356 nondum
276 2332 403 2364 gustavit,
423 2338 517 2357 corum
532 2332 641 2366 quidem
661 2333 795 2359 malorum
813 2341 874 2368 quae
889 2341 922 2360 ex

138 2375 310 2409 improbitate
324 2383 355 2402 ac
370 2377 490 2410 nequitia
510 2378 647 2410 oriuntur,
664 2383 691 2404 ut
712 2387 772 2413 qum
791 2379 825 2406 ab
845 2379 923 2406 initio

137 2429 250 2455 prorsus
267 2422 293 2448 in
312 2423 421 2449 malitiae
438 2423 561 2449 morbum
587 2431 641 2450 non
665 2424 802 2457 inciderit,
825 2433 921 2460 expers

138 2472 247 2500 manet;
266 2468 338 2495 illius
355 2474 442 2496 autem
461 2469 531 2501 vira»,
556 2476 637 2503 quam
651 2469 698 2496 Dei
717 2475 773 2497 tum
790 2471 922 2506 coguitio-

138 2522 198 2539 nem
220 2519 276 2539 tum
296 2515 532 2548 participationem
553 2522 615 2542 esse
629 2516 716 2542 oratio
732 2517 858 2550 superior
874 2518 921 2545 de-

975 2240 1036 2271 κίας
1050 2239 1129 2274 νόσῳ,
1143 2239 1263 2274 διαμένει
1285 2239 1416 2272 ἀμέτοχος
1439 2238 1488 2272 τῆς
1502 2237 1573 2272 ζωῆς
1588 2238 1705 2272 ἐκείνης,
1727 2239 1758 2272 ἣν

975 2286 1041 2311 Θεοῦ
1059 2285 1156 2319 γνῶσίν
1173 2293 1203 2310 τε
1229 2285 1275 2312 καὶ
1301 2283 1442 2318 μετουσίαν
1459 2284 1472 2309 ὀ
1490 2283 1542 2317 πρὸ
1557 2283 1657 2308 τούτων
1682 2282 1758 2315 λόγος

974 2332 1100 2366 ὡρίσατο,
1118 2329 1242 2356 τοσοῦτον
1261 2329 1367 2364 μετέχει
1389 2329 1463 2364 παρὰ
1486 2329 1534 2363 τὴν
1552 2330 1677 2364 πρώτην,
1699 2330 1759 2355 ὅσον

975 2379 1059 2412 χωρεῖ
1082 2377 1111 2402 τὸ
1135 2376 1309 2411 τρεφόμενον,
1330 2375 1381 2406 ἐ’ως
1404 2375 1447 2406 ἂν,
1464 2375 1587 2410 καθάπερ
1605 2376 1657 2401 τινὶ
1672 2376 1757 2409 τροφῇ

976 2422 1135 2457 καταλλήλῳ
1148 2423 1179 2456 τῇ
1196 2421 1295 2455 θεωρία
1307 2421 1352 2446 τοῦ
1365 2421 1438 2451 ὄντος
1453 2420 1651 2455 ὲναόρυνθεῖσα,
1666 2429 1756 2455 χωρη-

975 2469 1037 2503 τικὴ
1055 2468 1100 2494 τοῦ
1126 2467 1246 2496 πλείονος
1268 2466 1389 2500 γένηται,
1415 2467 1443 2492 ἐν
1464 2466 1587 2501 δαψιλείᾳ
1607 2465 1651 2491 τοῦ
1674 2466 1758 2497 ὅντως

975 2517 1050 2547 ὄντος
1067 2514 1125 2541 κατ’
1141 2513 1265 2545 ἐξουσίαν
1282 2513 1441 2546 μετέχουσα.

140 2561 236 2590 linivit,
252 2565 352 2587 tantam
368 2561 393 2587 in
409 2562 486 2587 initio
500 2566 603 2595 partem
619 2564 702 2597 capit,
718 2569 920 2599 quantaecapax
937 2570 979 2592 est
996 2564 1022 2591 id
1039 2562 1111 2597 quod
1132 2561 1280 2591 enutritur,
1302 2561 1390 2595 quoad
1416 2565 1543 2595 tanquam
1561 2560 1623 2587 cibo
1640 2559 1756 2594 quodam

140 2605 311 2631 convenienti
336 2611 362 2632 et
381 2606 586 2633 accommodato
608 2607 640 2634 ad
666 2609 921 2643 contemplationem
943 2609 1012 2643 ejus,
1029 2607 1074 2642 qui
1096 2614 1190 2633 revera
1206 2610 1257 2636 cst,
1273 2605 1384 2639 grandis
1406 2605 1500 2632 efferta
1527 2605 1639 2639 niajoris
1669 2605 1754 2639 partis

139 2659 223 2685 capax
248 2652 391 2683 efficiatur,
421 2653 531 2687 largiter
557 2658 583 2680 et
607 2655 714 2682 abunde
735 2664 783 2690 pro
805 2657 920 2683 arbitrio
946 2661 1049 2691 partem
1065 2655 1177 2689 capiens
1189 2654 1248 2687 ejus
1264 2654 1310 2687 qui
1327 2661 1420 2680 revera
1437 2657 1488 2679 est.

174 2697 213 2722 Ad
237 2697 291 2723 haec
319 2698 496 2731 rrspirieutes
515 2701 646 2727 malorum
669 2702 789 2735 quidem,
808 2711 868 2737 quae
887 2712 917 2729 cx

140 2740 313 2776 improbitate
327 2752 356 2769 ac
372 2744 491 2777 nequitia
505 2746 652 2774 exsistunt.
669 2748 770 2775 pariter
781 2752 918 2778 expertem

180 2840 189 2854 ⁶
211 2840 219 2866 l
239 2840 301 2866 Cor.
318 2848 365 2872 ιιι,
382 2842 408 2867 ²2.
448 2843 455 2857 ⁷
469 2842 548 2870 Helu:
568 2853 592 2875 v,
611 2846 649 2870 tl.

1010 2702 1080 2735 Πρὸς
1102 2701 1186 2726 ταῦτα
1203 2700 1353 2734 βλέποντες,
1371 2699 1422 2731 ἔξω
1439 2699 1486 2733 μὲν
1501 2698 1553 2724 τῶν
1574 2700 1605 2725 ὲκ
1626 2698 1757 2733 πονηρίας

978 2747 1070 2774 κακῶν
1088 2747 1186 2781 ὁμοίως
1214 2744 1282 2772 εἷναί
1299 2754 1387 2779 φαμεν
1402 2745 1450 2778 τὴν
1473 2744 1576 2779 ψυχὴν,
1601 2744 1646 2770 τοῦ
1663 2752 1691 2770 τε
1713 2742 1758 2769 διὰ
