1878 3036
154 96 206 123 5t9

783 89 809 115 S.
832 86 994 115 GREGOtut
1014 86 1159 113 NYSSttNt

1723 89 1774 117 520

156 158 220 177 vero
244 156 327 176 unum
350 148 413 175 illud
437 147 605 182 propositum
627 151 684 179 est,
705 152 733 173 ut
753 147 878 173 instituto
896 154 941 172 or·
955 148 978 176 A
994 146 1044 178 ιρῆς
1061 145 1182 179 χρῄζων,
1201 145 1268 179 πρὸς
1283 145 1329 179 τὴν
1344 145 1439 172 ἑαυτοῦ
1456 146 1547 180 χρείαν
1568 146 1636 180 ὁρᾷ·
1656 146 1669 171 ὁ
1685 146 1711 171 δὲ
1727 149 1774 180 τῆς

156 197 219 222 din«.¹
234 195 350 221 fructum
375 195 408 221 ad
429 194 628 221 absolutionem
644 193 785 227 perducat.
800 192 837 218 lta
851 191 941 218 multi-

157 243 217 276 plex
235 242 350 276 primum
369 249 383 267 e
401 241 476 274 jacto
495 239 600 266 semine
619 239 695 265 radix
722 239 866 269 emittitur,
888 244 941 272 qua

157 297 190 315 ex
218 288 332 314 humore
354 287 553 312 nutrimentum
577 285 740 312 attrahatur.
765 284 833 310 'l'um
859 284 942 311 herba

158 334 289 368 pullulat,
307 340 367 366 qua}
386 331 504 358 radicem
531 331 635 365 operit,
664 338 698 357 ne
721 331 754 357 ab
774 338 836 357 aere
859 329 942 356 detri-

159 383 280 405 mentum
307 377 444 411 aecipiat3
470 384 500 403 ac
527 377 604 411 licet&
617 376 675 411 ipsa
698 376 804 402 tructus
822 375 941 405 nonsit,

160 424 232 449 viam
259 426 349 447 tamen
371 421 473 454 praebet
490 420 707 454 quodammodo,
728 424 751 446 ct
773 419 850 445 all'ert
868 419 944 444 auxi-

159 469 224 494 lium
244 476 297 501 quo
317 467 423 492 frui-tus
442 466 611 500 perficiatur.
632 466 737 492 Etenim
753 473 815 491 cum
835 464 942 491 insitam

159 513 257 539 semini
277 512 328 537 vim
346 512 385 538 sic
403 516 535 545 expurgat
552 516 666 540 natura.
684 510 796 537 berham
814 513 943 543 tanquam

160 559 266 585 fructus
288 561 491 584 excrementum
516 557 680 591 projiciens
701 560 757 582 tmn
775 564 806 582 ea
825 556 944 582 radicem

159 605 277 638 protegit
297 602 472 637 defenditque
489 603 522 629 ab
542 604 613 629 aeris·
632 603 756 636 injuriis,
777 609 837 635 quse
853 601 894 627 vel
913 608 944 626 ex

161 651 277 684 frigore.
297 649 337 676 vel
360 657 392 676 ex
418 649 510 675 calore
530 649 703 683 proveniunt.
730 649 763 674 At
786 656 847 674 eum
875 647 947 673 radi-

159 697 236 722 cibus
253 696 280 722 in
297 696 351 722 imo
366 695 472 721 firmius
488 695 623 720 munitum
640 699 681 721 est
697 702 806 725 semen,
825 694 946 729 neglecta

159 742 290 776 «lt-inceps
316 741 417 772 herba,
447 740 518 774 quod
546 740 624 766 radix
652 748 705 766 non
731 744 807 774 egeat
830 740 947 773 amplius

160 788 336 818 defensione,
362 792 418 813 tota
444 788 486 813 vis
507 787 539 813 ad
560 787 680 812 culmmn
704 786 889 812 extollendum
915 793 946 811 ac

993 191 1098 224 φύσεως
1118 190 1195 224 λόγος
1212 191 1242 216 οὐ
1258 191 1324 225 πρὸς
1341 191 1404 217 ἄλλο
1422 200 1447 216 τι
1469 191 1577 224 βλέπει,
1591 191 1646 217 ἀλλ’
1658 192 1729 221 ὅπως
1744 192 1776 217 ἃν

993 237 1162 270 προσαγάγοι
1187 236 1235 271 τὴν
1263 237 1444 271 καρπογονίαν
1472 236 1514 263 διὰ
1542 237 1591 270 τῆς
1610 237 1777 271 τεταγμένης

992 281 1151 312 ἀκολουθίας
1179 282 1224 307 ἐπὶ
1240 283 1269 307 τὺ
1292 283 1401 308 τέλειον.
1419 282 1463 307 Διὸ
1487 282 1591 316 πρῶτον
1619 282 1778 316 πολυμερῶς

993 327 1037 353 διὰ
1061 327 1142 362 ῥιζῶν
1166 328 1211 353 τοῦ
1229 328 1407 363 ὑποκειμένου
1424 328 1555 362 ἐμφύεται
1569 348 1575 359 ,
1597 327 1629 353 δι’
1646 324 1682 353 ὧν
1706 328 1779 353 ἕλκει

994 373 1042 408 τὴν
1057 374 1220 408 κατάλληλον
1234 374 1322 408 ἑαυτῷ
1335 375 1378 400 διὰ
1392 374 1440 408 τῆς
1453 374 1563 408 ἰκμάδος
1576 374 1694 408 τροφὴν·
1709 372 1778 405 εἶτα,

995 420 1090 455 χόρτον
1106 421 1268 455 βλαστάνει,
1294 421 1336 446 διὰ
1353 421 1401 455 τὴν
1426 421 1457 446 ἐκ
1484 420 1530 445 τοῦ
1560 420 1638 454 ἀέρος
1669 419 1779 453 βλάὂην,

995 467 1180 502 προκάλυμμα
1196 466 1245 500 τῆς
1264 466 1340 501 ῥίζης
1359 467 1407 500 τὴν
1426 466 1493 491 πόαν
1522 465 1696 499 ποιούμενος·
1715 465 1781 500 ὅπερ

996 512 1102 546 καρπὸς
1117 512 1164 546 μὲν
1178 512 1226 537 οὐκ
1241 512 1313 542 ἔστι,
1332 512 1458 546 συνεργία
1480 511 1506 538 δέ
1523 520 1563 542 τις
1580 512 1626 537 καὶ
1639 511 1696 542 ὁδὸς
1711 511 1783 545 γίνε-

996 567 1039 585 ται
1063 559 1111 591 τῆς
1128 558 1174 583 τοῦ
1194 558 1299 593 καρποῦ
1314 557 1486 588 τελειώσεως.
1507 557 1616 592 Πρῶτον
1636 557 1684 591 μὲν
1703 558 1782 583 ἑκκα-

997 604 1097 638 Οαΐρων
1114 605 1146 630 δι’
1162 604 1257 630 ἑαυτοῦ
1283 604 1331 638 τὴν
1348 603 1508 637 ἐγκειμένην
1532 603 1569 637 τῷ
1590 603 1724 637 σπέρματι
1739 602 1783 628 δύ-

998 658 1079 684 ναμιν
1093 669 1099 680 ,
1115 646 1169 675 οἷόν
1197 657 1221 675 τι
1241 649 1398 683 περίττωμα
1425 648 1470 674 τοῦ
1489 648 1594 681 καρποῦ
1619 648 1663 673 τὸν
1689 648 1784 682 χόρτον

999 694 1310 729 προαποσκευαζομένης
1324 693 1372 727 τῆς
1385 693 1490 727 φύσεως
1504 713 1510 724 ,
1525 694 1669 727 σκέπασμα
1682 693 1784 726 γίνεται

998 741 1030 774 τῇ
1057 739 1117 775 ῥίζῃ
1145 740 1212 775 πρὸς
1236 740 1284 770 τὰς
1302 741 1333 766 ὲκ
1353 740 1399 765 τοῦ
1426 740 1504 774 ἀέρος
1527 739 1644 773 βλὰίας,
1670 740 1716 769 τὰς
1742 739 1785 765 διὰ

1000 786 1098 821 κρύους
1111 795 1139 812 τε
1155 786 1201 811 καὶ
1223 786 1339 816 θάλπους
1355 785 1542 819 ἐγγινομένας,
1558 785 1742 819 Εὑτονώτερον
1757 784 1784 810 δὲ

160 833 355 867 perficiendum
386 832 528 859 incumbit.
557 831 661 858 Natura
693 832 765 857 enim
796 832 946 858 artificiosa
963 821 986 851 Β
1001 833 1050 866 ’ήδη
1070 831 1114 858 διὰ
1129 832 1226 866 βάθους
1243 833 1269 857 ὲν
1294 833 1352 863 ταῖς
1368 832 1456 866 ρ’ίζαις
1480 831 1726 861 ὑποσκευασθέντος
1739 830 1785 856 τοῦ

161 878 279 913 quadam
298 878 432 912 sapientia
451 878 596 904 sublimem
614 877 743 904 fabricam
763 878 946 909 machinatur,

161 932 213 958 qua
231 931 341 958 germen
357 923 489 949 directum
502 923 603 949 mutuis
620 923 645 948 in
665 923 781 949 circuitu
802 923 947 957 distingui—

161 975 205 996 tur
220 970 323 996 tunicis
340 978 346 995 :
363 969 388 994 iu
407 968 507 1002 quibus
524 968 659 1002 principio
678 969 786 995 culmus
802 969 947 1000 bumidus,

162 1023 193 1042 ae
208 1019 287 1041 tenet·
303 1014 455 1041 indolescat
470 1022 584 1041 neccsse
597 1018 638 1040 est
649 1035 656 1046 ,
671 1018 712 1045 et,
727 1022 781 1048 quo
796 1015 880 1041 tutior
895 1015 947 1046 sit,

162 1060 295 1095 geniculis
309 1068 356 1094 per
373 1060 492 1086 medium
510 1064 638 1094 tanquam
654 1060 771 1087 vinculis
789 1061 946 1087 muniatur:

163 1107 207 1132 ubi
231 1111 319 1132 autem
340 1106 371 1132 ad
393 1110 587 1139 congruentem
609 1106 780 1133 altitudinem
803 1107 949 1140 ascendit,

163 1155 200 1178 ita
217 1152 319 1186 frugem
334 1152 451 1184 emittit,
468 1156 496 1178 ut
510 1156 632 1178 extrema
647 1153 739 1179 tunica
755 1161 785 1179 ex
802 1161 831 1179 se
845 1153 949 1187 spicam

163 1198 226 1224 edat
238 1218 244 1229 ,
264 1205 323 1232 quse
341 1197 487 1224 aristarum
504 1197 679 1224 multitudine
695 1201 822 1231 tanquam
839 1199 951 1232 capillo—

164 1251 224 1269 rum
241 1244 310 1269 vallo
327 1243 454 1270 distincta
469 1242 572 1277 frugem
588 1244 652 1277 tegit
664 1263 670 1274 ,
689 1248 712 1269 et
728 1244 789 1270 imis
805 1245 950 1270 aristarum

166 1288 346 1323 rer-›ptarulis
364 1289 522 1314 innutritur.
542 1289 607 1315 Cum
626 1289 707 1323 igitur
724 1297 776 1315 non
796 1289 952 1323 indignetur

167 1334 288 1368 agricola
307 1341 356 1360 nec
372 1333 407 1360 ob
425 1334 551 1367 stirpium
571 1334 670 1364 fibras,
689 1341 739 1361 nee
761 1339 872 1368 propter
889 1335 952 1361 ber-

165 1380 248 1409 bam,
268 1387 317 1406 nec
338 1384 448 1413 propter
465 1379 603 1413 spicarum
625 1380 742 1411 aristas,
762 1387 822 1413 quse
842 1380 951 1414 quidem

165 1425 255 1452 onmia
275 1425 439 1458 proveniunt.
458 1432 490 1451 ex
512 1425 634 1456 semine,
655 1425 702 1452 sed
724 1426 750 1452 in
772 1426 815 1452 bis
837 1426 952 1460 singulis

166 1479 245 1496 usum
263 1470 407 1505 quemdam
424 1471 554 1504 perspicit
567 1471 771 1503 necessarium,
787 1478 841 1505 quo
855 1475 952 1497 natura

166 1519 315 1546 artificiose
333 1518 528 1553 progrediens,
544 1522 571 1545 et
593 1518 726 1552 abjiciens
743 1526 803 1552 quae
825 1522 889 1544 sunt
910 1518 952 1545 in-

167 1565 259 1595 utilia,
280 1564 384 1598 frugem
401 1563 506 1598 perficit
524 1567 550 1590 et
570 1563 708 1596 absolvit·‚
725 1571 758 1590 ne
775 1563 823 1590 tibi
842 1564 952 1597 quidem

167 1611 261 1644 iniquo
284 1610 424 1636 ferendum
450 1614 492 1637 est
517 1610 625 1641 animo,
644 1609 717 1644 quod
742 1615 840 1636 natura
860 1615 953 1637 nostra

166 1656 338 1683 necessarias
365 1663 533 1690 persequens
560 1655 619 1681 vias
646 1655 679 1681 ad
708 1655 848 1689 proprium
874 1656 954 1682 finem

167 1702 319 1736 perveniat.
339 1701 391 1728 Sed
408 1706 437 1728 ut
453 1702 479 1728 in
495 1701 619 1735 exemplo
635 1701 769 1728 seminum
786 1701 876 1728 cernis
887 1722 893 1733 ,
910 1702 956 1728 de-

168 1749 215 1775 bes
233 1748 409 1781 existimare,
426 1747 500 1783 quod
518 1755 640 1782 praesens
657 1751 717 1778 est,
735 1747 769 1774 ad
787 1748 852 1774 utile
867 1751 893 1773 et
909 1755 956 1773 ne-

170 1794 322 1820 cessarium
337 1793 440 1828 aliquid
456 1794 568 1820 omnino
586 1794 684 1820 referri
701 1800 733 1820 ac
747 1793 847 1828 dirigi,
868 1801 956 1827 neque

168 1839 235 1865 illud
252 1846 313 1866 esse
330 1839 409 1873 cujus
424 1840 511 1873 gratia
532 1840 617 1874 geniti
635 1847 742 1866 sumus.
766 1839 859 1873 Neque
882 1839 954 1866 enim

170 1885 256 1911 fetum
274 1889 381 1912 creator
396 1890 489 1912 noster
505 1885 650 1917 formavit,
669 1890 697 1911 ut
714 1886 740 1912 in
763 1885 860 1911 matris
878 1890 956 1912 utero

169 1939 397 1964 permaneremus
413 1940 420 1964 3
435 1939 524 1966 neque
542 1931 604 1957 inde
620 1939 670 1958 nos
687 1931 799 1962 educit,
816 1935 844 1957 ut
867 1931 892 1957 in
911 1932 954 1958 in-

170 1975 254 2002 fantia
267 1996 274 2008 ,
293 1979 339 2002 aut
363 1976 395 2002 iis
408 1994 415 2006 ‚
435 1983 496 2010 qua}
517 1975 645 2009 deinceps
667 1975 873 2009 subsequuntur
890 1979 955 2001 :eta-

171 2020 245 2047 tibus
257 2040 264 2051 ,
290 2025 387 2047 natura
413 2028 519 2054 semper
536 2021 617 2046 aliam
636 2025 696 2055 post
713 2021 793 2046 aliam
810 2020 954 2051 induente,

169 2070 194 2092 et
216 2065 330 2092 formam
346 2067 469 2100 corporis
486 2070 689 2099 commutante,
711 2067 893 2101 degeremus3
909 2074 956 2093 ne-

170 2120 222 2145 que
248 2115 277 2138 ut
303 2119 404 2146 corpus
430 2112 518 2146 ipsum
544 2111 690 2138 accedente
713 2117 800 2138 morte
823 2111 955 2139 dissolve-

170 2161 256 2187 retur,
276 2157 323 2183 sed
341 2160 369 2182 ut
386 2164 432 2190 per
451 2156 507 2182 haze
528 2161 554 2183 et
574 2157 625 2183 alia
642 2157 796 2191 ejusmodi,
818 2165 878 2191 qua:
892 2161 955 2184 sunt

171 2206 301 2235 tanquam
319 2206 411 2235 partes
432 2202 504 2228 illius
520 2202 587 2233 vite,
612 2210 660 2236 per
677 2210 759 2236 quam
785 2202 955 2233 incedimus,

172 2247 205 2272 ad
221 2250 320 2272 statum
337 2252 459 2273 nostrum
477 2247 622 2280 pristinum
635 2267 642 2279 ,
660 2247 711 2273 hoe
734 2251 790 2278 est,
807 2247 839 2274 ad
856 2248 955 2274 simili-

172 2291 295 2317 tudinem
323 2291 369 2318 Dei
396 2293 595 2325 perveniamus.
617 2292 655 2318 Ae
676 2292 905 2326 quemadmodum
923 2292 956 2319 ad

172 2337 366 2370 perficiendum
386 2338 488 2371 spicam
508 2345 540 2363 ex
563 2341 666 2364 naturae
689 2338 816 2365 instituto
844 2338 955 2365 herbam

172 2384 345 2410 ostendimus
363 2392 423 2410 esse
442 2384 649 2416 necessariam;
672 2391 722 2411 nec
740 2388 830 2411 tamen
846 2389 957 2419 propter

171 2430 258 2463 ipsam
276 2429 386 2456 berbam
400 2449 406 2461 ‚
427 2437 476 2456 nee
491 2434 603 2463 propter
620 2430 746 2462 tunicas,
771 2435 817 2456 aut
842 2431 956 2463 aristas,

172 2479 219 2501 aut
243 2476 364 2501 culmum
389 2476 543 2502 instituitur
569 2476 755 2510 agricultura,
772 2476 819 2503 sed
846 2482 957 2511 propter

173 2520 276 2555 frugem
293 2522 376 2548 vit-tui
396 2521 647 2553 accommodatam,
666 2522 699 2548 ad
716 2522 795 2556 cujus
812 2522 957 2556 perfectio-

173 2574 233 2591 nem
251 2571 349 2592 natura
374 2575 422 2601 per
448 2568 491 2593 illa
511 2568 684 2602 progreditur
699 2577 705 2594 :
723 2568 763 2595 sic
779 2573 956 2603 exspectatus

173 2610 255 2643 liujus
273 2612 332 2637 vita·
350 2612 410 2638 sinis
425 2617 465 2639 est
482 2612 630 2639 beatitudo.
647 2613 711 2645 Qum
727 2621 792 2640 vero
809 2622 880 2640 nunc
896 2622 957 2640 cor-

173 2657 231 2688 pori
247 2657 373 2682 eveniunt
384 2678 390 2687 ,
406 2663 434 2684 ιιι
450 2666 539 2689 mors,
554 2663 680 2686 senectus
691 2679 697 2689 ‚
709 2659 852 2693 juventus,
868 2651 957 2685 insanss

175 2700 228 2729 tia.
249 2701 374 2727 formatio
391 2702 462 2729 setus
480 2705 506 2729 in
525 2708 617 2735 utero,
639 2708 667 2730 nt
684 2704 790 2736 liet-ban.
808 2708 834 2731 et
848 2705 956 2736 arist-u,

174 2749 200 2769 et
219 2746 300 2771 culmi
313 2765 320 2776 ,
339 2752 402 2773 sunt
423 2748 503 2774 xcluti
522 2750 588 2781 visu,
609 2758 656 2784 per
673 2758 740 2784 quas
758 2750 790 2776 ati
810 2749 955 2784 perfectio-

173 2797 233 2817 nem
253 2796 388 2824 spvratam
409 2795 610 2822 contendimus.
636 2796 720 2828 Quam
745 2796 793 2823 tibi
816 2796 873 2831 ipse
894 2804 956 2831 pro-

970 1500 989 1528 C

1002 879 1172 913 σπέρματος,
1186 878 1243 903 τότε
1258 877 1303 903 τοῦ
1319 878 1413 912 χόρτου
1431 877 1522 903 λοιπὸν
1535 876 1730 911 ἀμεληθέντος,
1743 876 1787 902 διὰ

1001 924 1031 950 τὸ
1060 924 1156 959 μηκέτι
1176 924 1277 949 δεῖσθαι
1302 924 1350 958 τὴν
1378 923 1454 958 ῥίζαν
1479 922 1525 948 τοῦ
1547 922 1786 957 προκαλύμματος,

1003 971 1070 1005 πρὸς
1090 970 1139 1005 τὴν
1156 971 1204 1005 τῆς
1222 970 1346 1005 καλάμης
1374 969 1527 1004 ἀναδρομὴν
1544 970 1617 994 πᾶσα
1641 969 1788 994 συνδίδοται

1002 1018 1134 1052 δύναμις,
1159 1017 1294 1052 μηχανικῇ
1317 1025 1369 1042 τινι
1388 1015 1467 1050 σοφία
1490 1015 1537 1050 τὴν
1564 1015 1686 1049 αὐλοειδῆ
1706 1022 1789 1040 κατα-

1004 1064 1103 1098 σκευὴν
1118 1063 1323 1097 φιλοτεχνούσης
1335 1062 1384 1096 τῆς
1398 1061 1518 1095 φύσεως,
1532 1059 1565 1096 ἦς
1578 1060 1721 1096 εὑθυτενὴς
1741 1060 1789 1094 μὲν

1004 1110 1020 1143 ἡ
1034 1109 1144 1143 βλάστη,
1158 1109 1267 1143 χιτῶσιν
1283 1107 1444 1142 ἐπαλλήλοις
1461 1108 1488 1132 ἐν
1501 1107 1591 1142 κύκλῳ
1601 1106 1787 1141 διειλημμένη.

1004 1155 1063 1189 Χρὴ
1081 1155 1135 1189 γὰρ
1150 1155 1254 1185 τούτοις
1271 1153 1355 1189 ὑγρὰν
1371 1152 1452 1180 οὖσαν
1467 1153 1513 1179 καὶ
1530 1153 1621 1179 ἄτονον
1643 1153 1690 1188 τὴν
1707 1153 1789 1178 καλά-

1006 1209 1059 1235 μην
1079 1199 1155 1234 παρὰ
1171 1200 1218 1235 τὴν
1235 1200 1345 1234 πρώτην
1363 1200 1553 1234 ἐντρέφεσθαι,
1575 1200 1631 1229 τοῖς
1646 1198 1689 1224 διὰ
1708 1199 1790 1232 μέσου

1006 1245 1162 1279 συνδέσμοις
1170 1245 1317 1278 ἀσφαλείας
1330 1245 1408 1279 χάριν
1421 1243 1623 1278 ὑπεζωσμένην.
1639 1243 1669 1268 Εἰ
1682 1243 1708 1269 δὲ
1723 1243 1790 1277 πρὸς

1005 1291 1034 1318 τὸ
1052 1291 1206 1326 σύμμετρον
1220 1291 1367 1325 ἀναδραμοι
1385 1292 1472 1325 μῆκος
1485 1311 1491 1321 ,
1506 1290 1565 1315 τότε
1583 1290 1654 1324 κομᾷ
1675 1290 1691 1323 ὴ
1709 1289 1791 1315 καλά-

1006 1346 1044 1373 μη
1055 1356 1064 1371 ,
1078 1337 1124 1363 τοῦ
1140 1337 1293 1363 τελευταίου
1318 1336 1430 1370 χιτῶνος
1455 1336 1500 1370 ἀφ’
1516 1334 1611 1361 ἑαυτοῦ
1628 1335 1672 1361 τὺν
1693 1335 1791 1369 στάχυν

1006 1384 1197 1418 masaga-220:
1217 1403 1224 1414 ,
1250 1384 1277 1414 ’τ’,ς
1305 1384 1343 1414 εἰς
1371 1382 1483 1413 πολλοὺς
1512 1382 1613 1416 ἀθέρας
1639 1381 1792 1416 τριχοειδῶς

1006 1430 1201 1465 διαιρούμενος,
1229 1429 1344 1463 κρύπτει
1366 1428 1414 1463 τὴν
1441 1428 1528 1462 κόμην
1546 1427 1615 1454 κατὰ
1638 1428 1686 1461 τὴν
1716 1427 1792 1461 βάσιν

1007 1476 1060 1501 ’τῶν
1078 1475 1182 1509 ἀθέρων
1198 1476 1253 1505 τοῖς
1271 1474 1392 1509 ἐλύτροις
1412 1473 1638 1508 ὑποτρεφόμενος.
1655 1473 1685 1498 Εἰ
1705 1472 1792 1498 τοίνυν

1007 1521 1068 1547 οὔτε
1086 1521 1153 1556 προς
1166 1521 1215 1552 τὰς
1234 1520 1310 1555 ῥίζας
1325 1520 1379 1546 τῶν
1393 1519 1555 1554 σπερμάτων
1571 1518 1584 1544 ὁ
1599 1518 1720 1552 γεωργὸς
1732 1517 1793 1543 δυσ.-

1007 1569 1145 1603 χεραίνει,
1170 1567 1230 1593 οὔτε
1249 1567 1316 1602 πρὸς
1340 1567 1384 1593 τὸν
1415 1565 1664 1600 προεκὸαλλόμενον
1692 1565 1724 1591 ὲκ
1747 1564 1793 1590 τοῦ

1009 1614 1164 1648 σπέρματος
1175 1613 1279 1647 χόρτον,
1292 1612 1353 1638 οὒτε
1367 1612 1406 1643 είς
1419 1612 1480 1642 τοὺς
1495 1610 1593 1645 ἀθέρας
1609 1610 1654 1636 τοῦ
1669 1610 1793 1644 στάχυος,

1009 1659 1064 1685 ἀλλ’
1083 1659 1110 1684 ἐν
1128 1658 1234 1692 ἑκάστῳ
1256 1657 1357 1683 τούτων
1383 1656 1510 1689 ὲνθεωρεῖ
1524 1664 1583 1681 τινα
1602 1655 1693 1690 χρείαν
1712 1656 1794 1687 ἀναγ-

1008 1704 1098 1735 καίαν,
1110 1704 1141 1729 δι’
1158 1701 1191 1739 ἧς
1203 1703 1332 1737 τεχνικῶς
1347 1703 1363 1737 ἡ
1377 1702 1456 1736 φύσις
1466 1702 1604 1732 ὀδεύουσα,
1623 1701 1736 1736 προάγει
1749 1701 1794 1726 τὸν

1009 1750 1113 1784 καρπὸν
1126 1749 1164 1780 εἰς
1178 1749 1324 1778 τελείωσιν,
1344 1748 1387 1774 διὰ
1397 1749 1446 1783 τῆς
1460 1747 1513 1773 τῶν
1534 1747 1648 1782 ἀχρείων
1663 1747 1794 1780 ἀποποιή-

1009 1804 1077 1826 σεως
1093 1795 1141 1830 τὴν
1163 1795 1272 1830 γόνιμον
1299 1794 1499 1829 ἐκκαθαίρουσα
1522 1794 1650 1828 δύναμιν·
1672 1792 1730 1827 ὥρα
1748 1792 1792 1819 καὶ

1010 1841 1051 1866 σοι
1066 1841 1103 1875 μὴ
1117 1840 1300 1875 δυσχεραίνειν
1317 1840 1359 1866 διὰ
1371 1840 1423 1865 τῶν
1439 1839 1593 1873 ἀναγκαίων
1604 1839 1670 1864 ὁδῶν
1686 1839 1795 1873 apoto-5*

1010 1894 1059 1919 σης
1071 1885 1147 1920 ἡμῶν
1161 1886 1210 1920 τῆς
1224 1885 1329 1919 φύσεως
1348 1885 1393 1910 ἐπὶ
1408 1885 1436 1910 τὸ
1461 1884 1523 1910 ἴδιον
1544 1884 1630 1916 τέλος,
1645 1884 1701 1910 ἀλλ’
1721 1885 1794 1918 ἡγεῖ-

1011 1931 1072 1957 σθαι
1093 1931 1162 1957 κατὰ
1179 1931 1227 1965 τὴν
1240 1931 1267 1956 ὲν
1283 1932 1337 1962 τοῖς
1358 1931 1510 1964 σπέρμασιν
1532 1930 1692 1963 ἀναλογίαν,
1707 1930 1736 1956 τὸ
1752 1931 1794 1956 ἀεὶ

1010 1975 1097 2010 παρὸν
1110 1976 1177 2010 πρός
1196 1984 1222 2001 τι
1239 1975 1347 2006 πάντως
1361 1975 1502 2010 χρησίμως
1518 1983 1547 2000 τε
1572 1975 1617 2000 καὶ
1641 1974 1794 2007 ἀναγκαίως

1010 2020 1091 2055 ἔχειν,
1106 2021 1135 2046 οὺ
1151 2021 1203 2055 μὴν
1222 2020 1300 2046 τοῦτο
1317 2018 1384 2046 εἶναι
1400 2018 1428 2046 οὔ
1445 2020 1523 2054 χάριν
1540 2020 1578 2050 εἰς
1592 2019 1699 2052 γένεσιν
1719 2018 1795 2053 ἤλθο-

1012 2074 1071 2101 μεν.
1088 2066 1125 2091 Οὐ
1139 2065 1193 2100 γὰρ
1216 2065 1261 2091 ἐπὶ
1277 2065 1307 2091 τὸ
1321 2065 1437 2100 ἐ’μὸρυον
1454 2064 1578 2098 γενέσθαι
1595 2064 1669 2099 παρὰ
1685 2064 1731 2089 τοῦ
1748 2064 1792 2097 δη·

1012 2112 1226 2146 μιουργήσαντος
1237 2112 1309 2146 ἡμᾶς
1325 2111 1479 2145 ὑπέστημεν
1491 2131 1498 2142 ,
1514 2110 1572 2136 οὐδὲ
1590 2110 1656 2145 πρὸς
1668 2110 1713 2135 ’τόν
1736 2109 1796 2143 βρε-

974 2176 996 2203 D
1011 2157 1085 2192 φώδη
1101 2158 1157 2192 βίον
1173 2158 1186 2183 ὁ
1209 2157 1308 2188 σκοπὸς
1326 2157 1376 2190 τῆς
1401 2157 1506 2190 φύσεως
1528 2156 1635 2190 βλέπει,
1654 2155 1712 2181 οὐδὲ
1729 2155 1796 2190 πρὸς

1009 2204 1058 2235 τὰς
1079 2204 1177 2238 ἐφεξῆς
1193 2203 1299 2237 ἡλικίας
1320 2203 1379 2237 ὁρᾷ,
1399 2203 1430 2233 ἃς
1446 2203 1488 2229 ἀεὶ
1501 2202 1543 2228 διὰ
1559 2204 1606 2237 τῆς
1629 2201 1795 2232 ἀλλοιώσειιις

1010 2249 1181 2284 μετενδύεται
1191 2249 1228 2283 τῷ
1241 2249 1328 2283 χρόνῳ
1339 2248 1369 2274 τὸ
1380 2245 1448 2279 εἶδος
1462 2248 1720 2279 συνεξαλλάσσουσα,
1736 2247 1795 2272 οὐδὲ

1010 2294 1079 2329 πρὸς
1105 2295 1152 2329 τὴν
1170 2294 1360 2328 ὲπιγινομένην
1387 2294 1430 2320 διὰ
1454 2294 1499 2319 τοῦ
1528 2294 1641 2319 θανάτου
1659 2292 1734 2318 λύσιν
1757 2292 1795 2327 τῷ

1010 2340 1114 2374 σώματι
1127 2348 1133 2354 ·
1154 2339 1221 2366 ἀλλὰ
1236 2340 1322 2366 πάντα
1338 2339 1424 2366 ταῦτα
1441 2340 1487 2366 καὶ
1502 2340 1535 2366 τὰ
1549 2340 1657 2366 τοιαῦτα
1673 2339 1721 2374 τῆς
1735 2339 1794 2366 ὀδοῦ

1008 2386 1041 2411 δι’
1057 2384 1091 2422 ἧς
1109 2386 1280 2420 πορευόμεθα
1310 2386 1378 2420 μέρη
1397 2386 1469 2412 ἐστίν
1481 2394 1487 2400 ·
1515 2387 1528 2412 ὁ
1544 2386 1570 2412 δὲ
1593 2386 1690 2417 σκοπὸς
1706 2388 1751 2412 καὶ
1766 2387 1795 2412 τὸ

1008 2432 1094 2466 πέρας
1113 2432 1161 2466 τῆς
1183 2431 1225 2457 διὰ
1249 2431 1348 2457 τούτων
1373 2432 1484 2466 πορείας
1497 2451 1503 2462 ,
1518 2432 1533 2466 ἡ
1551 2432 1618 2466 πρὸς
1631 2432 1660 2457 τὸ
1683 2432 1794 2467 ἀρχαῖον

1008 2479 1237 2509 ἀποκατάστασις,
1251 2479 1317 2513 ὅπερ
1331 2478 1404 2504 οὐδὲν
1423 2479 1523 2513 ἕτερον,
1537 2478 1552 2512 ἢ
1567 2480 1582 2512 ἡ
1598 2480 1665 2513 πρὸς
1678 2478 1708 2504 τὸ
1719 2478 1794 2504 Θεῖον

1008 2524 1081 2549 ἐστιν
1097 2523 1233 2558 ὁμοίωσις.
1250 2525 1304 2549 Καὶ
1318 2524 1411 2558 ὥσπερ
1426 2524 1471 2549 ἐπὶ
1485 2524 1533 2558 τῆς
1550 2523 1618 2549 κατὰ
1635 2524 1678 2550 τὸν
1694 2524 1794 2558 στάχυν

1008 2570 1126 2601 εἰκόνος,
1148 2570 1294 2603 ἀναγκαῖος
1313 2571 1360 2604 μὲν
1378 2570 1461 2604 ἐφάνη
1478 2570 1516 2604 τῷ
1539 2569 1610 2603 λόγῳ
1626 2570 1673 2604 τῆς
1689 2571 1794 2604 φύσεως

1008 2616 1054 2641 καὶ
1068 2615 1081 2640 ὁ
1098 2615 1347 2650 προεκὸαλλόμενος
1362 2615 1456 2650 χόρτος
1469 2625 1475 2630 ·
1492 2615 1521 2641 οὐ
1537 2616 1588 2649 μὴν
1606 2616 1632 2641 δὲ
1647 2616 1679 2642 δι’
1693 2617 1793 2642 ἐκεῖνόν

1009 2660 1081 2684 ἐστιν
1100 2660 1115 2693 ἡ
1128 2660 1259 2693 γεωργία,
1275 2660 1333 2686 οὐδὲ
1346 2661 1457 2694 χιτῶνες
1470 2681 1476 2691 ,
1496 2660 1540 2686 καί
1557 2660 1653 2695 ἀθέρες
1663 2681 1670 2693 ,
1687 2662 1732 2686 καὶ
1745 2670 1793 2687 κα-

1008 2706 1080 2740 λάμη
1094 2726 1100 2737 ,
1117 2706 1163 2731 καὶ
1181 2705 1346 2740 ὑποζώματα
1373 2707 1529 2740 πρόκεινται
1546 2708 1577 2741 τῇ
1596 2707 1645 2740 τῆς
1659 2707 1794 2741 γεωργίας

1009 2752 1120 2785 σπουδῇ,
1136 2752 1191 2777 ἀλλ’
1204 2753 1216 2777 ὁ
1230 2752 1360 2786 τρόφιμος
1375 2752 1477 2785 καρπὸς
1493 2754 1506 2778 ὀ
1522 2753 1564 2778 διὰ
1579 2752 1680 2778 τούτων
1693 2753 1792 2787 appiam

1009 2798 1048 2828 είς
1064 2797 1202 2824 τελείωσιν
1216 2807 1220 2812 ·
1242 2798 1311 2824 οὕτω
1327 2799 1372 2824 καὶ
1385 2799 1432 2833 τῆς
1444 2799 1514 2833 ζωῆς
1529 2799 1558 2825 τὸ
1573 2799 1622 2834 μὲν
1637 2799 1791 2834 προσδοκῶ·
