1822 2999
55 128 104 156 529

53 235 122 261 κατὰ
141 235 185 260 τον
205 236 372 270 Σολομῶντα,
397 237 410 262 ὁ
428 237 592 272 τετρημένος
615 238 700 270 πίθος,
717 239 759 265 ἀεὶ
783 240 837 270 τοῖς

52 280 215 307 ἀπαντλοῦσι
234 281 343 313 λείπων,
366 283 411 308 καὶ
425 283 500 313 κενὸς
518 283 720 318 εὑρισκόμενος.
735 285 838 311 Οὐκοῦν

52 326 82 351 οὐ
97 326 126 351 τὸ
148 326 225 361 σῶμα
239 327 288 358 τὰς
303 328 355 354 τῶν
373 329 463 355 κακῶν
485 330 620 365 ἀφορμὰς,
637 331 693 356 ἀλλ’
707 333 722 366 ἡ
742 332 838 367 προαί<

54 379 128 405 ρεσις
145 372 263 406 ἐμποιεῖ,
287 373 331 399 τὸν
358 374 458 400 σκοπὸν
486 375 535 409 τῆς
556 376 649 410 χρείας
665 377 703 407 εἰς
718 376 765 412 τὴν
786 377 839 402 τῶν

53 416 161 442 ἀτόπων
172 417 509 454 ἑπιθυμίανὲκτρέπουσα.
525 421 570 456 Μὴ
585 422 673 448 τοίνυν
686 423 839 455 κακιζέσθω

54 463 128 498 παρὰ
143 464 196 489 τῶν
213 465 421 500 ἁπερισκέπτων
434 466 464 492 τὸ
484 467 572 502 σῶμα,
585 464 606 501 ᾧ
621 469 688 502 μετὰ
701 468 786 495 ταῦτα
797 469 839 495 διὰ

53 509 101 544 τῆς
117 510 324 544 παλιγγενεσίας
337 514 602 548 μεταστοιχειωθέντι
618 515 684 550 προς
697 515 726 541 τὸ
743 516 840 542 θειότε-

55 557 128 591 ρονὴ
155 556 226 592 ψυχὴ
242 558 450 591 καλλωπίσεται,
467 560 500 586 τὰ
519 561 632 595 περιττά
647 569 674 587 τε
693 562 737 588 καὶ
754 562 840 597 ἄχρη-

55 610 113 632 στα,
127 602 163 634 ὡς
176 603 243 638 πρὸς
256 603 305 638 τὴν
319 604 466 632 ἀπόλαυσιν
478 606 527 641 τῆς
541 607 688 642 μελλούσης
698 608 779 643 ζωῆς,
793 607 839 634 τοῦ

54 646 166 673 θανάτου
190 648 423 683 ἀποκαθάραντος.
438 651 475 676 Οὐ
491 651 544 686 γὰρ
560 651 626 686 πρὸς
651 651 668 677 ἃ
686 652 731 678 νῦν
747 653 840 686 ἐπιτη-

52 692 129 724 δείως
142 693 207 728 ἔχει,
224 694 258 720 τὰ
273 695 342 721 αὐτὰ
362 696 407 722 καὶ
419 697 447 723 ἐν
465 697 501 732 τῷ
516 698 583 731 μετὰ
597 698 681 724 ταῦτα
692 699 840 734 χρησιμεύ-

54 747 93 765 σει
110 739 168 774 βίῳ,
187 741 243 766 ἀλλ’
258 742 343 768 οἰκεία
361 744 407 769 καὶ
419 744 585 779 κατάλληλος
595 745 669 772 ἔσται
681 748 712 781 τῇ
727 746 842 772 ἀπολαύ-

54 793 94 810 σει
108 786 156 820 τῆς
173 785 245 821 ζωῆς
265 787 371 823 ἐκείνης
395 790 410 823 ἡ
436 789 482 816 τοῦ
505 791 629 825 σώματος
654 792 731 826 ἡμῶν
753 801 841 827 παρα-

54 830 147 865 σκευὴ,
160 832 295 866 ἁρμοδίως
312 834 378 868 πρὸς
387 835 435 869 τὴν
451 835 503 861 τῶν
512 836 619 870 ἀγαθῶν
630 838 771 872 μετουσίαν
785 838 842 864 δια--

53 876 168 903 τεθεῖσα.
183 876 244 905 Οἷόν
254 888 278 905 τι
288 879 359 913 λέγω
380 882 516 916 (κρεῖττον
531 882 584 917 γὰρ
599 883 775 918 ὑποδείγματι
787 884 840 910 τῶν

53 923 197 958 γνωρίμων
211 925 262 950 τινὶ
274 925 503 961 διασαφηνίσαιτὸ
515 928 623 963 νόημα)·
633 929 717 955 'nvo-3
732 930 840 964 σιδήρου

54 967 138 1002 βῶλος
159 971 319 1005 χρησιμεύει
342 973 373 1007 τῇ
391 973 554 1008 χαλκευτικῇ
577 974 656 1009 τέχνη
668 995 675 1007 ,
689 975 841 1010 ἁκατέργα-

55 1023 115 1046 στος
129 1015 224 1050 ἄκμων
242 1019 373 1053 γενομένη
391 1019 437 1044 τοῦ
460 1019 667 1053 τεχνιτεύοντος.
690 1021 758 1047 Ἀλλ’
778 1022 841 1047 ὅταν

53 1058 92 1084 δεῖ
108 1060 175 1094 πρός
195 1069 219 1086 τι
243 1061 402 1096 λεπτότερον
421 1063 636 1097 μετεργασθῆναι
661 1063 706 1089 τὸν
724 1063 840 1098 σίδηρον,

52 1105 112 1131 τότε
124 1105 156 1131 δι’
169 1107 326 1141 ἐπιμελείας
341 1107 389 1142 τὴν
406 1107 490 1142 βῶλον
506 1108 552 1134 τοῦ
570 1109 654 1144 πυρ>1ς
669 1109 842 1144 ἐκκαθήραν-

53 1159 108 1184 τος,
122 1151 194 1178 ἅπαν
210 1153 368 1179 ἀποτίθεται
388 1154 418 1179 τὸ
437 1154 536 1187 γεῶδες
553 1155 599 1180 καὶ
620 1156 765 1190 ἄχρηστον,
785 1156 840 1190 ὃδὴ

55 1198 174 1237 σκωρίαν
186 1200 210 1224 οἱ
227 1201 346 1233 τεχνῖται
363 1201 410 1234 τῆς
429 1200 558 1235 ἐργασίας
574 1201 675 1235 ταύτης
691 1202 841 1236 κατονομά-

54 1243 147 1276 ζουσι·
173 1246 219 1272 καὶ
235 1245 320 1277 οὕτως
343 1247 356 1272 ὁ
383 1247 448 1272 ποτε
470 1247 565 1282 ἄκμων
584 1247 804 1282 λεπτουργηθεὶς,
825 1248 841 1283 ἢ

55 1291 155 1326 θώραξ,
172 1292 188 1326 ἢ
204 1293 266 1319 ἄλλο
283 1293 371 1318 τιτῶν
387 1293 490 1319 λεπτῶν
502 1294 770 1328 κατασκευασμάτων
783 1294 841 1327 ἐγέ-

55 1346 124 1370 νετο,
140 1337 187 1364 τοῦ
200 1338 319 1364 τοιούτου
334 1339 539 1374 περιττώματος
552 1339 729 1374 ἑκκαθαρθεὶς
741 1340 782 1366 διὰ
794 1342 843 1375 τῆς

56 1384 180 1418 χωνείας,
208 1384 275 1419 ὅπερ
304 1384 355 1415 ἕως
374 1385 438 1410 ποτε
461 1385 557 1419 ἄκμων
571 1383 614 1420 ἦν,
637 1386 686 1412 οὐκ
706 1386 844 1421 ἐνομίζετο

56 1429 124 1464 πρὸς
132 1429 179 1464 τὴν
191 1429 250 1455 τότε
268 1430 361 1464 χρείαν
376 1428 443 1456 εἶναι
459 1430 627 1465 περίττωμα.
642 1431 778 1458 Συνετὲλει
791 1433 843 1468 γάρ

55 1482 81 1500 τι
94 1475 139 1500 καὶ
159 1475 174 1509 ὴ
188 1475 289 1509 σκωρία
300 1475 367 1510 πρὸς
383 1475 427 1501 τὸν
445 1475 525 1509 ’όγκον
542 1475 587 1502 τοῦ
604 1477 711 1512 σιδήρου
728 1478 845 1511 ἐγκατα-

58 1520 213 1555 μεμιγμένη
230 1521 262 1555 τῇ
293 1519 380 1554 βώλῳ,
397 1520 466 1554 ’Ἤδη
493 1520 615 1555 νενόηται
643 1522 708 1556 ἡμῖν
730 1521 760 1547 τὸ
779 1521 844 1547 ὑπό-

56 1565 170 1600 δειγμα·
200 1565 345 1600 μετακτέον
366 1565 415 1600 ἤδη
433 1566 499 1601 πρὸς
517 1566 546 1592 τὸ
562 1567 739 1601 προκείμενον
756 1567 844 1602 νόημα

56 1611 104 1645 τὴν
118 1611 146 1637 ὲν
159 1610 197 1646 τῷ
212 1611 390 1645 ὑποδείγματι
412 1611 594 1646 θεωρηθεῖσαν
611 1611 738 1638 διάνοιαν,
756 1612 788 1638 Τί
799 1609 844 1638 οὖν

57 1657 114 1683 ἐστι
137 1656 229 1687 ‘tofi-..m
250 1657 352 1688 Πολλὰς
375 1657 431 1692 ἔχει
448 1657 495 1683 νῦν
511 1657 680 1692 σκωρεώδεις
701 1658 845 1693 ποιότητας

57 1702 73 1736 ὴ
102 1701 148 1728 τοῦ
169 1702 292 1737 σώματος
316 1703 407 1737 φύσις,
428 1704 455 1730 αῖ
478 1704 549 1729 κατὰ
574 1704 622 1738 μὲν
641 1703 689 1738 τὴν
706 1703 845 1738 παροῦσαν

58 1747 139 1783 ζωὴν,
159 1748 225 1782 πρός
247 1757 272 1774 τι
300 1750 433 1784 χρήσιμον
452 1749 632 1781 συντελοῦσιν,
652 1750 795 1784 ἀχρήστως
817 1750 845 1776 δὲ

58 1795 213 1821 παντάπασι
228 1795 274 1821 καὶ
283 1795 429 1830 ἀλλοτρίως
439 1796 528 1830 ’έχουσι
544 1796 612 1831 πρὸς
625 1796 672 1831 τὴν
683 1795 752 1830 μετὰ
760 1796 845 1823 ταῦτα

59 1842 285 1877 προσδοκωμένην
299 1842 496 1878 μακαριότητα.
513 1843 600 1877 Ὅπερ
617 1840 662 1869 οὖν
684 1843 711 1869 ὲν
726 1842 763 1877 τῷ
781 1843 846 1877 πυρὶ

58 1889 122 1923 περὶ
136 1888 180 1915 τὸν
197 1888 303 1923 σίδηρον
317 1888 429 1922 γίνεται,
445 1889 473 1914 τὸ
493 1889 626 1923 ἄχρηστον
640 1888 712 1916 ἅπαν
728 1891 776 1923 τῆς
791 1898 845 1923 χω-

59 1934 131 1965 νείας
145 1934 338 1969 ἁποποιουσης,
356 1934 433 1960 τοῦτο
447 1935 490 1960 διὰ
504 1934 549 1960 τοῦ
570 1934 684 1961 θανάτου
700 1934 846 1969 κατορθοῦ-

59 1988 102 2006 ται
116 1979 154 2014 τῷ
171 1980 286 2014 σώματι,
300 1980 398 2011 παντὸς
408 1979 613 2015 περιττώματος
629 1980 845 2014 ἁποποιουμένου

60 2025 157 2060 διὰτῆς
173 2026 200 2051 ἐν
214 2027 245 2060 τῇ
260 2026 401 2060 νεκρότητι
416 2025 528 2056 λύσεως.
540 2025 646 2059 Φανερα
663 2025 711 2060 μὲν
728 2025 773 2051 οὖν
789 2027 846 2051 ἐστι

61 2071 168 2102 πάντως
175 2072 229 2101 τοῖς
238 2071 451 2105 ἐπεσκεμμένοις
467 2071 530 2096 ποῖα
540 2070 625 2096 ταῦτα
634 2071 717 2102 ἐστιν,
733 2067 769 2097 ὧν
780 2071 847 2097 ἁπο-

61 2116 218 2151 καθαίρεται
231 2117 259 2142 τὸ
272 2116 349 2150 σῶμα
367 2117 404 2148 εἰς
419 2116 545 2152 ὕστερον·
565 2117 635 2151 ὅιπερ
652 2118 675 2142 εἰ
699 2117 735 2152 μὴ
746 2117 845 2152 παρείη

62 2161 131 2188 κατὰ
152 2162 199 2197 τὴν
227 2162 367 2196 παροῦσαν
392 2163 474 2198 ζωὴν,
496 2162 581 2197 ζημία
603 2162 707 2195 γίνεται
723 2162 768 2188 τοῦ
788 2162 845 2196 βίου

746 130 790 157 DE
809 129 971 157 MOR'l'UlS.

53 187 190 219 πλεονεξία
204 189 235 222 τῇ
249 189 361 224 ἀπιστίᾳ
381 190 428 225 τὴν
444 189 543 216 εἴσοδον
563 191 676 224 ἤνοιξεν,
700 193 758 227 ἥτις
776 193 832 218 ἐστὶ
847 195 869 222 Α
885 199 943 217 rum
975 192 1116 217 materiam
1146 192 1260 218 :mu-nia
1284 192 1475 219 subministrat

1624 139 1674 164 {230

1498 202 1504 218 t
1526 193 1676 227 cademque

889 236 1002 262 avaritia
1027 237 1178 263 iulidelitati
1197 238 1297 264 aditum
1316 238 1445 272 patefacit
1461 247 1466 264 :
1480 242 1521 265 cst
1543 239 1626 270 euim,
1650 245 1676 265 ut

890 281 1101 313 an8010n10n⁹,
1124 282 1228 309 dolium
1248 288 1400 317 pertusum,
1418 284 1490 318 quo-l
1509 285 1554 319 qui
1574 294 1677 311 conan-

890 331 934 353 tur
958 327 1200 362 i1nptor‹.=,srusna
1224 328 1359 362 laborant,
1383 334 1408 356 et
1432 338 1547 356 vacuum
1569 338 1676 364 semper

890 373 1040 400 inveniunt.
1054 373 1160 408 Corpus
1175 382 1240 409 ergo
1256 382 1309 401 uon
1324 376 1402 402 all'ert
1416 377 1547 402 malorum
1565 384 1675 404 causas.

890 418 937 446 sed
970 419 1028 453 ipsa
1057 420 1198 452 voluntas,
1228 428 1289 455 qua:
1318 423 1504 449 necessarium
1531 430 1610 448 nsum
1643 421 1675 447 ad

890 465 1023 492 absurdas
1047 471 1073 493 et
1096 466 1207 493 inutiles
1232 467 1395 501 cupiditates
1414 469 1568 502 detorquet.
1593 467 1677 493 Nemo

890 510 974 546 igitur
1003 515 1104 539 temere
1127 517 1155 539 et
1180 512 1383 540 inconsiderate
1412 519 1536 540 nostrum
1568 516 1677 539 accuset

890 564 999 590 corpus,
1022 565 1076 591 quo
1092 561 1186 592 postea
1203 566 1251 593 per
1274 559 1507 593 regenerationem
1533 559 1559 584 in
1575 563 1676 585 statum

891 601 1053 629 diviniorem
1066 607 1232 630 commutato
1245 604 1352 631 animus
1365 603 1551 634 decorabitur,
1569 611 1631 629 cum
1644 603 1677 629 ab

891 648 1035 676 inutilibus
1059 649 1124 675 illud
1144 653 1171 676 et
1196 650 1408 684 supervacaneis
1433 649 1561 676 sordibus
1585 653 1611 675 et
1636 649 1678 674 in-

892 694 1046 721 commodis
1071 703 1145 722 mors
1165 697 1367 730 expurgaverit,
1386 699 1414 721 ut
1431 695 1487 720 vita
1511 694 1602 721 sutura
1619 701 1678 728 pcr-

892 739 1008 767 fruatur.
1031 740 1097 767 Natn
1117 749 1176 776 qnae
1193 742 1231 768 illi
1256 750 1329 769 nunc
1345 743 1522 777 congruentia
1552 744 1625 773 sunt,
1645 741 1678 768 iis

893 794 946 812 non
964 789 1055 813 utetur
1078 787 1104 813 111
1123 787 1208 813 altera
1225 788 1287 819 sita,
1317 788 1350 814 ad
1374 788 1453 821 cujus
1471 787 1583 813 fruenda
1608 787 1678 813 hona

894 831 938 857 liet
955 836 1017 866 apta
1042 833 1302 867 acconunodataque
1319 834 1442 868 corporis
1466 833 1550 859 nostri
1574 833 1678 858 consti-

858 871 877 898 Β
894 878 972 904 tutio.
993 877 1051 904 Non
1075 879 1193 905 alienum
1220 884 1310 906 autem
1334 879 1396 911 erit,
1423 884 1450 905 ut
1472 879 1543 913 quod
1561 878 1678 905 dicimus

893 927 963 950 notat:
982 924 1201 959 pervulgata-qne
1220 926 1257 951 rei
1275 925 1427 960 cujuspiam
1444 924 1567 959 exemplo
1588 924 1679 950 deela-

893 977 996 996 remus.
1016 969 1076 996 Arti
1101 971 1204 997 :erarizc
1222 971 1297 998 utilis
1317 976 1359 998 est
1381 971 1445 997 ferri
1463 971 1556 997 inl'ecti
1583 970 1679 996 illabo-

893 1015 1000 1049 ratique
1021 1023 1122 1047 massa,
1145 1016 1208 1042 dum
1238 1025 1268 1043 ea
1291 1024 1340 1051 pro
1369 1016 1467 1043 incude
1484 1015 1559 1042 saber
1580 1016 1677 1041 utitur.

893 1060 927 1087 At
941 1067 1003 1087 cuin
1021 1069 1090 1095 opus
1108 1066 1149 1088 est
1166 1062 1238 1088 ferro
1264 1062 1297 1088 ad
1320 1070 1390 1096 opus
1416 1061 1525 1095 aliquod
1551 1060 1679 1087 subtilius

892 1110 919 1133 et
938 1106 1025 1141 magis
1042 1107 1212 1134 elaboratum
1228 1107 1439 1138 conlieiemlum,
1459 1111 1524 1133 tuuc
1541 1107 1601 1140 igne
1620 1105 1681 1132 dili-

893 1155 989 1186 genter
1020 1157 1208 1187 expurgantur
1240 1161 1338 1179 massoe
1372 1153 1445 1179 illius
1475 1157 1571 1179 terrete
1600 1155 1681 1185 atque

894 1197 1005 1225 inutiles
1026 1197 1117 1229 sames,
1144 1206 1222 1232 quas.
1246 1199 1293 1233 qui
1322 1198 1388 1225 artis
1416 1198 1476 1232 ejus
1504 1198 1583 1232 periti
1607 1201 1680 1229 sunt,

894 1244 1014 1271 scoriam
1032 1244 1181 1279 appellant.
1203 1245 1292 1279 Atque
1319 1245 1354 1270 ita
1374 1244 1447 1278 quod
1468 1244 1532 1270 olim
1552 1247 1610 1269 erat
1639 1243 1681 1269 in-

894 1298 943 1317 cus
970 1290 1081 1317 rudisve
1111 1290 1174 1317 ferri
1201 1298 1309 1322 massa,
1342 1291 1479 1318 subtiliter
1513 1290 1682 1317 elaboratum

894 1335 979 1362 lorica
996 1335 1036 1367 fit,
1060 1340 1106 1362 aut
1127 1335 1236 1370 aliquod
1257 1335 1330 1362 aliud
1349 1344 1418 1370 opus
1434 1336 1572 1370 egregium
1595 1340 1621 1362 et
1637 1343 1683 1361 ex-

895 1381 1020 1415 politum,
1047 1381 1258 1415 supervacaneis
1286 1381 1311 1407 ln
1330 1380 1440 1408 fornace
1464 1381 1585 1407 excoctis
1610 1380 1685 1414 abje-

895 1427 1001 1461 ctisque
1024 1426 1162 1458 sordibus,
1189 1435 1248 1461 quae
1265 1431 1357 1453 tamen
1385 1427 1411 1453 iu
1430 1427 1488 1461 ipsa
1517 1426 1614 1452 incude
1638 1430 1684 1451 aut

896 1481 988 1500 massa
1014 1473 1197 1500 consideratae
1222 1480 1399 1507 supervacuae
1426 1480 1480 1498 non
1504 1472 1683 1506 putabantur.

896 1519 1010 1546 Confert
1031 1518 1103 1546 enim
1121 1518 1224 1553 aliquid
1242 1518 1275 1545 ad
1292 1518 1356 1545 serri
1376 1518 1473 1545 molem
1493 1518 1575 1545 etiam
1595 1518 1684 1544 scoria

896 1565 924 1591 in
953 1572 1043 1592 massa
1073 1564 1215 1599 permista.
1246 1564 1424 1599 Perspicuum
1459 1563 1510 1589 hoc
1536 1563 1614 1590 nobis
1644 1568 1686 1589 est

896 1610 1050 1645 exemplum
1069 1619 1076 1637 :
1092 1609 1330 1637 accommodemus
1344 1617 1416 1636 nune
1437 1614 1596 1643 praesentem
1620 1616 1686 1635 con-

896 1655 1094 1683 siderationem
1119 1655 1151 1682 ad
1175 1663 1235 1682 eam
1253 1663 1313 1690 quae
1330 1655 1356 1682 in
1372 1656 1497 1689 exemplo
1519 1655 1687 1689 conspicitur

899 1700 1127 1735 intelligentiam:
1145 1700 1275 1735 quidnam
1299 1700 1381 1735 igitur
1399 1700 1471 1726 istud
1499 1700 1556 1727 est?
1575 1700 1625 1726 hoc
1644 1700 1686 1726 ui-

897 1746 1007 1772 mirum.
1025 1746 1122 1772 Multas
1136 1754 1209 1773 nunc
1222 1746 1304 1773 habet
1317 1750 1414 1772 natura
1435 1747 1559 1780 corporis
1579 1747 1685 1777 sordes,

897 1798 929 1817 ac
951 1791 1033 1818 veluti
1058 1792 1192 1824 scoriam,
1217 1792 1364 1826 quamdam
1389 1793 1516 1826 praesenti
1546 1793 1606 1818 vitae
1633 1801 1685 1818 non

897 1837 1021 1863 inutilem
1045 1837 1119 1864 illam
1150 1838 1261 1872 quidem
1290 1838 1381 1871 aliquo
1406 1838 1496 1868 modo,
1524 1838 1569 1864 sed
1596 1842 1685 1863 tamen

897 1882 1012 1908 alienam
1035 1889 1150 1916 prorsus
1168 1884 1202 1908 ab
1218 1889 1248 1909 ea
1275 1882 1415 1913 felicitate,
1436 1890 1515 1915 quam
1543 1887 1685 1916 exspecta-

897 1935 968 1954 mus.
981 1927 1215 1959 Quemadmodum
1234 1927 1315 1962 igitur
1337 1928 1363 1954 in
1380 1928 1491 1955 fornace
1513 1928 1582 1962 ignis
1598 1928 1687 1955 :uisert

897 1977 923 1999 et
945 1973 1063 1999 absumit
1086 1973 1219 2008 quidquid
1248 1974 1275 1998 in
1304 1972 1377 2000 ferro
1405 1974 1570 2005 estinutile‚
1596 1974 1634 2000 sic
1659 1974 1686 2000 in

898 2018 957 2052 ipsa
973 2023 1059 2045 morte
1075 2025 1174 2052 corpus
1190 2019 1223 2044 al·
1238 2019 1312 2044 omui
1330 2026 1359 2045 re
1379 2026 1582 2052 supervacanea
1604 2023 1686 2052 atque

898 2063 988 2090 inutili
1012 2071 1061 2098 per
1082 2064 1257 2090 mortalitatis
1273 2064 1439 2091 solutionem
1457 2065 1600 2090 liberatur.
1622 2066 1687 2096 Qua»,

899 2113 989 2135 autem
1007 2109 1062 2135 sint
1084 2117 1127 2142 ea,
1146 2117 1160 2135 a
1183 2109 1283 2143 quibus
1304 2116 1404 2144 corpus
1430 2110 1456 2136 in
1473 2115 1611 2144 posterum
1638 2118 1686 2137 ex-

899 2156 1070 2190 purgabitur,
1092 2163 1152 2190 quae
1175 2156 1228 2183 nisi
1257 2156 1302 2183 hic
1329 2157 1466 2188 adessent,
1486 2164 1607 2190 praesens
1630 2157 1687 2184 haee

60 2208 164 2234 τούτου.
184 2208 254 2243 Πλὴν
268 2208 335 2234 ἀλλὰ
360 2209 406 2234 καὶ
431 2209 496 2244 παρ’
512 2208 589 2244 ἡμῶν
605 2209 753 2244 σαφηνείας
768 2208 846 2243 χάριν
864 2207 885 2234 D
900 2201 953 2228 vita
969 2202 1099 2228 damnum
1115 2202 1227 2234 faceret,
1248 2203 1311 2229 licet
1322 2203 1410 2230 cuivis
1422 2203 1543 2230 studiose
1560 2203 1688 2230 couside-

60 2253 93 2279 δι“
109 2253 205 2288 ὀλίγων
219 2255 368 2289 εἰρήσεται.

97 2384 197 2416 Ἔστω,
211 2384 270 2410 καθ’
283 2385 419 2417 ὑπόθεσιν,
429 2385 487 2411 ἀντὶ
500 2385 603 2421 μὲντῆς
618 2385 713 2420 βώλου,
730 2386 746 2421 ἡ
760 2385 846 2421 ὄρεξις

61 2431 77 2465 ἡ
90 2430 210 2463 φυσικῶς
221 2431 266 2456 ἐπὶ
282 2431 388 2457 πάντων
397 2432 576 2466 ἐνεργουμένη
588 2440 594 2446 ·
606 2433 665 2458 ἀντὶ
675 2432 702 2458 δὲ
717 2434 764 2467 τῆς
778 2441 848 2458 σκω-

64 2476 122 2510 ρίας
132 2476 227 2506 ταῦτα,
241 2476 309 2511 πρὸς
323 2476 340 2502 ἃ
356 2476 403 2502 νῦν
417 2477 465 2507 τὰς
478 2477 564 2511 ὁρμὰς
577 2477 632 2512 ἔχει
647 2477 663 2511 ἡ
676 2477 774 2512 ὄρεξις,
785 2477 847 2512 ἡδο-

62 2522 115 2552 ναί,
130 2522 176 2547 καὶ
197 2522 316 2554 πλοῦτοι,
333 2522 379 2547 καὶ
394 2521 551 2555 φιλοδοξίαι,
563 2523 608 2548 καὶ
623 2523 785 2553 δυναστεῖαι,
802 2524 848 2549 καὶ

64 2565 153 2601 θυμοὶ,
176 2568 222 2593 καὶ
236 2567 325 2601 τῦφοι,
341 2568 387 2593 καὶ
405 2568 439 2593 τα
459 2568 579 2595 τοιαῦτα.
598 2568 705 2595 Τούτων
722 2569 847 2595 ἁπάντων

64 2612 170 2638 καὶτῶν
182 2613 319 2643 τοιούτων,
341 2614 486 2648 καθάρσιον
503 2614 615 2649 ἀκριόὲς
624 2615 638 2639 ὁ
650 2614 762 2645 θάνατος
777 2615 848 2648 γίνε-

63 2665 107 2683 ται
119 2665 126 2671 ’
140 2654 176 2683 ὧν
199 2658 373 2692 γυμνώθεῖσὰ
393 2667 422 2684 τε
446 2660 492 2684 καὶ
517 2658 682 2693 καθαρθεῖσαι
700 2659 808 2685 πάντων
831 2661 847 2694 ὴ

64 2702 162 2738 ὄρεξις,
180 2704 247 2739 πρὸς
261 2704 290 2730 τὸ
306 2705 383 2738 μόνον
395 2704 505 2739 ὀρεκτόν
524 2713 553 2730 τε
566 2705 611 2730 καὶ
624 2704 789 2740 ἐπιθυμητὸν
803 2705 848 2731 καὶ

65 2748 193 2784 ἐράσμιον
217 2751 249 2785 τῇ
273 2750 396 2786 ἐνεργείᾳ
416 2751 592 2786 τραπήσεται,
607 2750 656 2777 οὐκ
676 2750 850 2778 ἀποσὸέσασα

103 2837 112 2851 ⁵²
141 2838 223 2866 Eccli.
240 2848 295 2872 xm,
312 2841 353 2867 17.

903 2247 973 2273 ranti
998 2247 1077 2274 facile
1102 2247 1377 2283 intelligere21ainen
1397 2257 1451 2283 quo
1475 2249 1583 2283 planius
1606 2250 1687 2275 etiam

902 2297 1018 2325 «antistet,
1037 2298 1066 2320 ut
1082 2301 1096 2320 a
1122 2295 1263 2328 proposito
1288 2295 1413 2328 exemplo
1434 2303 1488 2321 non
1516 2295 1687 2325 recedamus,

902 2338 1021 2366 breviter
1034 2347 1047 2366 a
1065 2340 1144 2367 nobis
1156 2341 1237 2366 etiam
1255 2341 1484 2368 recensebuutur.

938 2385 1026 2412 Massa
1044 2386 1126 2420 igitur
1150 2386 1185 2413 sit
1201 2387 1341 2421 appetitio,
1368 2395 1428 2421 qua:
1456 2388 1619 2413 naturaliter
1648 2392 1688 2414 est

902 2432 1029 2459 omuibus
1056 2432 1148 2464 insita,
1180 2432 1270 2459 scoria
1289 2437 1390 2463 autem,
1418 2438 1443 2460 et
1474 2433 1564 2463 sicces,
1586 2441 1627 2464 ea,
1655 2433 1688 2459 ad

897 2487 958 2516 qua}
973 2487 1044 2505 nune
1058 2479 1158 2513 impetu
1172 2480 1318 2507 ducituret
1333 2479 1448 2505 trahitur
1458 2479 1598 2512 appetitio,
1613 2486 1688 2504 nem<

898 2533 930 2559 pe
945 2525 1109 2560 voluptates,
1123 2525 1235 2556 divitiae,
1254 2525 1350 2560 gloria,
1373 2525 1553 2559 principatus,
1581 2525 1688 2551 iracun-

898 2571 954 2600 dia,
972 2575 1074 2602 tumor,
1091 2571 1256 2605 arrogantia,
1271 2575 1298 2597 et
1314 2570 1339 2596 id
1355 2578 1442 2604 genus
1462 2570 1526 2599 alia.
1551 2577 1565 2596 a
1588 2570 1687 2604 quilms

898 2616 1026 2643 omnihus
1044 2624 1094 2643 nos
1110 2617 1234 2650 expiatos
1251 2623 1323 2642 mors
1339 2624 1369 2642 ae
1382 2616 1459 2650 plane
1471 2616 1572 2643 liberos
1589 2616 1687 2642 reddit.

902 2662 950 2688 llis
962 2663 1033 2689 enim
1047 2667 1127 2689 exuta
1136 2670 1274 2696 vacuaque
1287 2662 1415 2697 appetitio
1428 2662 1461 2688 ad
1477 2662 1503 2688 id
1517 2662 1588 2697 quod
1601 2662 1687 2688 solum

902 2708 1093 2742 expetendum,
1123 2708 1282 2743 optandum,
1319 2709 1520 2742 amaml'umqne
1552 2713 1602 2738 est,
1635 2708 1687 2733 vim

905 2753 1034 2781 transfert
1055 2761 1144 2785 suam,
1177 2762 1230 2780 non
1249 2753 1425 2788 exstinguens
1453 2754 1561 2788 penitus
1590 2753 1686 2780 insitos¹
