1822 2999
85 134 134 162 201

578 127 621 155 DF.
638 125 819 155 PERFECTA
833 123 1030 153 GuntS‘rlANl
1063 122 1191 151 FORMA.

1653 119 1708 147 262

88 193 177 224 καθώς
193 200 274 227 φησιν
289 191 302 217 ὁ
332 188 500 220 ’Λπόστολος
526 188 629 214 Οὐκοῦν
655 187 721 221 μηδὲ
737 187 816 221 ἡμεῖς
839 186 868 211 ἐν
883 189 905 218 Α
920 191 978 211 cem
1005 183 1175 217 cogitantes,
1203 188 1292 208 veram
1315 178 1467 208 Christiani
1493 178 1704 214 appellationem

87 240 192 269 ἑαυτοῖς
208 237 310 271 ταύτην
322 236 541 269 ζωοποιήσωμεν,
551 232 618 258 ἀλλὰ
632 232 730 266 νεκρὰν
741 232 824 266 αὐτὴν
840 231 868 257 ὲν

87 284 125 319 τῷ
141 285 266 319 ἡμετερῳ
291 283 420 316 δείξωμεν
444 280 503 315 βίῳ.
520 280 632 313 Μήποτε
649 278 696 313 τὴν
714 277 803 308 καλῶς
823 277 869 303 ἐπὶ

88 331 208 365 σωτηρίᾳ
232 329 308 364 ἡμῶν
331 328 406 362 παρὰ
426 327 472 352 τοῦ
491 325 557 352 Θεοῦ
574 325 766 359 νεκρωθεῖσαν,
790 324 869 358 ἡμεῖς

88 377 130 402 ἐπ’
145 375 246 409 ὀλέθρῳ
263 374 318 399 τῶν
340 372 432 407 ψυχῶν
453 371 542 405 ἡμῶν,
559 370 592 396 δι’
606 370 690 404 ὀργῆς
709 370 755 395 καὶ
774 377 870 404 μνησι-

88 421 185 451 κακίας
207 419 266 446 καθ’
281 418 383 445 ἑαυτῶν
399 417 604 451 ἀναστήσωμεν,
619 415 740 450 πονηρὰν
752 415 868 441 ἀνάστα-

88 476 130 494 σιν
147 467 196 500 τὴς
214 465 303 496 καλῶς
325 463 511 497 ἀποθανούσης
528 462 774 497 κατεργασάμενοι.
800 460 868 486 Ἀλλ’

89 514 112 539 εἰ
128 513 172 538 τὸν
193 511 308 546 Χριστὸν
323 510 429 545 ἔχομεν,
446 510 475 540 ὃς
490 509 563 534 ἐστιν
579 508 595 542 ἡ
612 508 716 542 εἰρήνη,
733 507 778 533 καὶ
792 507 870 541 ἡμεῖς

88 559 116 584 ἐν
132 557 237 587 ἑαυτοῖς
254 555 301 590 τὴν
321 555 419 590 ἔχθραν
445 554 692 589 νεκροποιὴσωμεν,
710 552 741 578 ἵν’
757 553 823 586 ὅπερ
842 552 870 578 ἐν

87 603 181 636 ἐκείνῳ
197 601 369 636 πιστεύομεν,
383 601 461 627 τοῦτο
483 601 528 626 καὶ
543 601 571 626 ὲν
582 599 619 634 τῷ
633 599 758 635 ἡμετέρῳ
775 607 871 632 κατορ-

87 648 216 682 θώσωμεν
233 646 291 681 βίῳ.
320 646 363 677 Ὠς
386 645 439 680 γὰρ
463 646 563 675 ἐκεῖνος
590 644 619 669 τὸ
648 643 801 678 μεσότοιχον
824 641 869 668 τοῦ

87 692 213 728 φραγμοῦ
233 692 329 723 λύσας,
348 692 410 722 τοὺς
432 690 477 716 δύο
495 690 600 716 ἔκτισεν
616 689 644 714 ἐν
666 688 754 722 ἑαυτῷ
770 688 808 719 εἰς
825 688 871 713 ἕνα

87 739 178 766 καινὸν
194 739 334 774 ἄνθρωπον
349 757 355 769 ,
374 737 459 763 ποιῶν
489 737 599 771 εἰρήνην
616 743 622 748 ·
642 734 711 761 οὕτω
731 735 776 760 καὶ
792 735 872 768 ἡμεῖς

86 787 125 817 εἰς
140 784 310 818 καταλλαγὰς
324 785 469 818 ἀγάγωμεν
480 783 509 809 οὐ
528 783 606 817 μόνον
623 782 685 812 τοὺς
698 780 795 812 ἔξωθεν
807 780 872 814 ἡμῖν

87 832 340 868 προσμαχομένους,
355 830 422 857 ἀλλὰ
437 830 484 856 καὶ
499 830 560 860 τοὺς
576 830 604 855 ὲν
620 829 685 863 ἡμῖν
701 828 791 857 αὐτοῖς
809 834 871 851 στα·

88 878 239 909 σιὲιζοντας,
264 877 306 903 ἵνα
325 876 421 912 μηκέτι
447 877 463 910 ὴ
493 875 560 910 σὰρξ
585 875 704 909 ἐπιθυμῇ
735 873 805 899 κατὰ
826 880 861 897 το·

87 924 250 958 πνεύματος,
269 923 298 949 τὺ
318 923 347 949 δὲ
375 921 480 956 πνεῦμα
507 921 576 947 κατὰ
599 921 647 954 τῆς
672 919 786 954 capnos
816 918 872 944 ἀλλ’

88 969 268 1001 ὐποταγέντος
296 967 341 994 τοῦ
371 966 526 1001 σαρκώδους
550 966 722 1001 φρονήματος
747 964 785 999 τῷ
811 964 873 999 θείῳ

86 1014 170 1048 νόμῳ.
189 1013 372 1048 εἰρηνεύωμεν
389 1013 416 1038 ὲν
430 1013 544 1043 ἑαυτοῖς,
562 1012 601 1042 εἰς
611 1012 658 1037 ἕνα
682 1011 726 1037 τὸν
741 1010 830 1036 καινὸν
843 1018 872 1036 τε

88 1060 133 1085 καὶ
157 1059 292 1094 εἰρηνικὸν
319 1058 461 1092 ἄνθρωπον
475 1056 754 1091 ἀναστοιχειωθέντες,
771 1056 818 1082 καὶ
835 1053 874 1087 εἷς

87 1105 111 1130 οἱ
127 1105 172 1130 δύο
189 1105 338 1139 γενόμενοι.
356 1104 474 1139 Εἰρήνης
488 1103 542 1137 γὰρ
553 1104 625 1137 ὅρος,
640 1103 656 1136 ἡ
671 1101 724 1127 τῶν
737 1101 874 1135 διεστηκό-

86 1158 139 1175 των
156 1149 229 1176 ἑστὶν
243 1148 392 1183 ὁμοφωνία.
409 1148 489 1174 Ὅταν
507 1145 552 1173 οὖν
564 1146 687 1181 ἐξαιρεθῇ
703 1145 753 1180 τῆς
767 1145 874 1179 φύσεως

87 1195 164 1229 ἡμῶν
177 1195 190 1220 ὁ
206 1193 335 1229 ἐμφύλιος
351 1194 477 1228 πόλεμος,
490 1193 549 1219 τότε
564 1193 609 1218 καὶ
622 1194 711 1227 ἡμεῖς,
728 1193 755 1218 ἐν
770 1192 874 1222 ἑαυτοῖς

88 1240 302 1275 εἰρηνεύσαντες,
321 1240 415 1274 εἰρήνη
435 1237 577 1273 γινόμεθα,
602 1237 688 1272 ἀληθῆ
709 1237 754 1263 καὶ
777 1237 874 1271 κυρίαν

88 1285 129 1318 ἐφ’
139 1284 214 1319 ἡμῶν
228 1284 273 1310 τοῦ
289 1283 403 1318 Χριστοῦ
418 1283 466 1317 τὴν
482 1282 638 1317 ἐπωνυμίαν
650 1281 874 1313 ἐπιδεικνύοντες.

89 1328 146 1358 Φῶς
159 1328 187 1354 δὲ
203 1328 327 1363 ἀληθινὸν
342 1328 388 1354 καὶ
405 1327 443 1362 τῷ
458 1327 550 1361 ψεύδει
572 1327 716 1362 ἀπρόσιτον
731 1326 876 1361 νοήσαντες

89 1374 133 1400 τὸν
159 1374 292 1408 Χριστὸν,
310 1373 388 1399 τοῦτο
414 1373 602 1408 μανθάνομεν,
619 1373 659 1398 ὅτι
681 1371 733 1408 χρὴ
764 1372 810 1398 καὶ
831 1373 875 1399 τὸν

89 1418 223 1454 ἡμέτερον
235 1418 290 1452 βίον
305 1419 364 1449 ταῖς
376 1418 421 1444 τοῦ
431 1417 556 1452 ἀληθινοῦ
571 1417 676 1452 Πατρὺς
689 1418 778 1444 ἀκτῖσι
794 1426 876 1444 κατα-

89 1465 264 1499 φωτίζεσθαι.
278 1465 386 1500 Ἀρεταὶ
399 1464 427 1491 δέ
443 1465 510 1490 εἰσιν
526 1465 552 1490 αἱ
565 1465 670 1495 ἀκτῖνες
682 1464 728 1490 τοῦ
742 1464 816 1498 ἡλίου
827 1465 876 1499 τῆς

90 1510 269 1545 δικαιοσύνης,
285 1511 324 1542 εἰς
339 1511 475 1545 φωτισμὸν
495 1510 573 1545 ἡμῶν
592 1511 782 1545 ἀπορρέουσαι,
792 1511 824 1537 δι’
838 1508 874 1537 ὧν

90 1555 193 1589 γίνεται
213 1555 242 1581 τὸ
261 1555 408 1581 ἀποθέσθαι
431 1555 464 1581 τά
493 1555 560 1590 ἔργα
578 1555 623 1581 τοῦ
641 1556 760 1586 σκότους,
772 1555 819 1581 καὶ
839 1555 876 1587 ὡς

90 1601 118 1626 ὲν
136 1600 229 1636 ἡμέρᾳ
244 1601 404 1635 περιπατεῖν
424 1599 609 1634 εὐσχημόνως,
624 1600 670 1625 καὶ
690 1600 876 1634 ἀπειπάμενον

91 1644 124 1671 τὰ
142 1644 249 1680 κρυπτὰ
266 1645 315 1680 τῆς
329 1644 467 1679 αἰσχύνης,
484 1644 531 1670 και)1
546 1644 633 1670 πάντα
649 1644 676 1669 ἑν
691 1644 760 1677 φωτὶ
773 1644 878 1669 ποιοῦν-

91 1700 133 1722 τα,
152 1692 198 1717 καὶ
223 1690 304 1717 αὐτὸν
327 1691 383 1723 φῶς
397 1690 533 1724 γενέσθαι,
545 1690 614 1716 ὥστε
641 1690 688 1716 καὶ
707 1690 795 1721 ἄλλοις
810 1690 878 1725 λάμ-

92 1745 152 1762 πειν
175 1736 218 1762 διὰ
241 1737 294 1762 τῶν
318 1736 415 1770 ἔργων,
435 1736 503 1770 ὅπερ
524 1736 612 1769 φωτός
637 1736 709 1762 ἐστιν
730 1735 803 1762 ἰ’διον.
820 1736 877 1762 Κᾶν

92 1782 226 1816 ἁγιασμον
242 1782 286 1808 τὸν
301 1781 416 1816 Χριστὸν
429 1780 497 1808 εἶναι
509 1783 658 1816 νοήσωμεν,
674 1781 713 1816 τῷ
732 1782 821 1816 πάσης
836 1781 879 1815 βε-

93 1828 175 1862 6ήλου
196 1827 242 1854 καὶ
255 1827 408 1862 ἀκαθάρτου
422 1827 546 1862 πράξεως
571 1828 616 1854 καὶ
634 1827 744 1859 ἑννοίας,
758 1827 818 1861 οὺχλ1
830 1827 878 1862 ῥὴ-

95 1882 158 1908 ματι
177 1873 223 1899 τοῦ
245 1872 380 1913 ἁγιαξμοῦ
395 1872 443 1908 τὴν
459 1873 573 1907 δύναμιν
597 1873 798 1907 ὁμολογοῦντες,
812 1873 879 1899 ἀλλὰ

94 1919 132 1953 τῷ
150 1919 208 1953 βίῳ.

95 1963 214 1991 nominis
237 1971 300 1991 vere
323 1965 468 1999 participes
491 1964 686 1997 ostendemus,
709 1966 809 2001 quippe
831 1967 878 2001 qni

96 2008 180 2036 tionis
195 2009 323 2035 virtutem
341 2016 396 2043 prae
410 2009 491 2036 nobis
509 2009 639 2036 seramus.

136 2054 333 2089 Ἀπολύτρωσιν
350 2054 378 2080 δὲ
393 2053 461 2080 εἶναι
478 2054 523 2080 τὸν
546 2055 661 2089 Χριστὸν
679 2056 819 2090 μαθόντες,
834 2057 878 2083 τὸν

302 1935 348 1944 ..η

95 2101 190 2127 ἑαυτὸν
204 2101 281 2127 δόντα
294 2101 391 2135 λύτρον
414 2101 483 2136 ὑπὲρ
503 2101 591 2135 ἡμῶν,
611 2101 689 2128 τοῦτο
706 2102 748 2128 διὰ
763 2103 810 2137 τῆς
825 2111 880 2128 τοι,

96 2147 179 2181 αύτης
199 2147 290 2181 φωνῆς
311 2147 546 2181 παιδευόμεθα,τὸ
573 2147 665 2182 μαθεῖν
693 2148 732 2173 ὅτι
760 2149 883 2183 καθάπερ

96 2191 176 2225 τιμήν
197 2199 256 2217 τινα
275 2190 323 2224 τῆς
348 2190 462 2216 ἑκάστου
478 2190 566 2224 ψυχῆς
590 2191 794 2225 παρασχόμενος
818 2193 883 2227 ἡμῖν

96 2234 144 2269 τὴν
155 2234 314 2265 ἀθανασίαν,
328 2235 419 2270 κτῆμα
432 2235 496 2261 ἰ’διον
510 2236 572 2266 τους
585 2237 616 2261 ὲκ
629 2236 675 2262 τοῦ
692 2236 805 2262 Θανάτου
818 2237 882 2271 παρ’

98 2279 179 2305 αὐτοῦ
194 2279 236 2305 διὰ
251 2280 300 2312 τῆς
314 2279 386 2314 ζωῆς
397 2279 629 2314 ὲξαγορασθέντας
640 2281 775 2315 ἐποίησεν.
786 2282 816 2307 Εἰ
827 2281 882 2307 τοί-

99 2334 144 2350 νυν
163 2324 249 2350 δοῦλοι
271 2324 318 2350 τοῦ
334 2325 542 2359 λυτρωσαμένου
565 2326 714 2360 γεγόναμεν
727 2346 733 2357 ,
749 2327 816 2361 πρὸς
838 2327 883 2354 τὸν

99 2370 257 2405 κυριεύοντα
286 2371 392 2402 πάντως
414 2371 551 2406 ἁψώμεθα,
564 2372 601 2402 ὡς
620 2373 716 2407 μηκέτι
734 2373 806 2407 ἡμᾶς
819 2373 882 2399 ἑαυ-

83 2454 87 2457 ⁴
99 2416 154 2444 τοῖς
174 2414 232 2448 ζῇν,
242 2413 308 2439 ἀλλὰ
325 2414 363 2448 τῷ
374 2414 535 2449 κτησαμένῳ
548 2416 621 2449 ἡμᾶς
633 2416 675 2442 διὰ
688 2416 734 2442 τοῦ
747 2417 796 2451 τῆς
811 2417 883 2451 ζωῆς

100 2459 330 2494 ἁνταλλὰγματος.
352 2460 447 2485 Οὐκέτι
472 2460 525 2494 γὰρ
550 2461 654 2487 ἑαυτῶν
679 2462 761 2496 ἐσμεν
784 2462 882 2497 κύριοι,

101 2505 158 2530 ἀλλ’
173 2505 186 2530 ὁ
211 2504 384 2538 ὠνησάμενος
405 2505 462 2530 ἐστι
481 2505 592 2540 Κύριος,
614 2508 695 2541 ἡμεῖς
712 2507 740 2532 δὲ
756 2508 837 2533 αὐτοῦ
852 2509 886 2535 τὰ

102 2550 238 2583 κτήματα.
262 2549 366 2575 Οὐκοῦν
389 2550 468 2583 νόμος
484 2550 558 2576 ἔσται
580 2551 628 2585 τῆς
643 2553 779 2587 ἡμετέρας
802 2553 883 2587 ζωῆς,

101 2594 132 2621 τὸ
146 2594 193 2620 τοῦ
210 2595 381 2629 κυριεύοντος
399 2594 514 2629 θέλημα.
531 2596 635 2632 Ὥσπερ
655 2597 708 2632 γὰρ
734 2599 781 2625 τοῦ
802 2599 884 2625 θανοί-

103 2647 148 2665 του
166 2639 326 2673 κρατοῦντος
340 2639 427 2673 ἡμῶν,
444 2641 457 2665 ὸ
471 2639 518 2673 τῆς
532 2640 666 2675 ἁμαρτίας
683 2642 712 2667 ἐν
729 2643 794 2676 ἡμῖν
806 2643 885 2678 νόμος

105 2683 288 2709 ἐπολιτεύετο·
305 2683 389 2715 οὓτως
407 2684 498 2719 ἐπειδὴ
522 2685 571 2719 τῆς
595 2684 667 2720 ζωῆς
692 2686 784 2721 κτῆμα
806 2688 885 2722 γεγῖ-

140 2782 151 2798 ⁸
165 2782 263 2816 Ephes.
278 2791 307 2813 u,
327 2784 370 2810 ¹4.

109 2818 129 2833 ¹⁴
144 2817 153 2843 l
168 2817 230 2844 Cor.
245 2826 282 2849 w,
296 2818 340 2845 20.

415 2785 500 2813 ⁹ibid*
546 2786 566 2802 ¹⁰
581 2785 658 2813 Joan.
677 2793 695 2820 t,
716 2789 743 2816 9.
796 2789 814 2804 ¹¹
835 2789 913 2817 Rom.

858 859 908 896 3ss

918 228 1094 256 ostendemus
1105 247 1112 259 ,
1126 228 1148 254 si
1165 234 1212 261 per
1226 234 1284 253 eam
1302 233 1395 260 pacem
1409 245 1416 257 ,
1434 233 1494 260 quae
1511 225 1537 251 in
1553 224 1633 251 nobis
1648 228 1703 255 est,

919 275 1062 302 Christum
1077 274 1132 301 vita
1148 277 1242 300 nostra
1261 272 1490 306 expresserinms.
1506 271 1551 297 llle
1569 269 1706 296 interiecit

920 321 1109 351 inimicitiam,
1128 323 1158 346 ut
1174 319 1264 353 inquit
1282 318 1430 351 Apostolus
1445 318 1466 344 Β.
1489 316 1527 344 Ne
1545 316 1629 351 igitur
1645 323 1705 341 eam

920 367 947 397 in
962 366 1041 393 nobis
1056 366 1111 392 ullo
1126 364 1206 391 modo
1222 364 1385 390 reviviscere
1401 363 1547 398 patiamur,
1564 362 1610 388 sed
1627 361 1707 394 plane

920 415 1058 438 mortuam
1075 417 1135 437 csse
1149 409 1329 436 declaremus.
1348 407 1386 434 Ne
1407 407 1537 442 praeclare
1555 414 1603 440 pro
1620 405 1707 432 saluae

921 460 1018 482 nostra
1034 453 1206 481 interfectam
1224 460 1238 478 a
1256 451 1329 484 Deo,
1352 460 1402 478 nos
1424 452 1450 478 in
1471 456 1629 477 nostrorum
1645 457 1707 483 per-

920 502 1019 529 niciem
1037 501 1191 527 animorum
1208 499 1376 529 irascentes,
1396 502 1423 524 et
1445 497 1609 531 injuriarum
1627 494 1708 521 remi-

921 548 1059 575 niscentes
1071 546 1233 576 excitemus,
1246 552 1306 571 eam
1318 564 1324 575 ,
1341 551 1402 578 quse
1417 544 1485 569 bene
1500 546 1605 568 mortua
1617 541 1706 574 jacet,

921 593 1044 628 improbe
1059 593 1086 619 in
1100 592 1182 618 vitam
1204 594 1374 617 revocantes.
1394 588 1447 615 Sed
1469 596 1531 614 cum
1556 587 1707 613 habeamus

921 639 1077 670 Christum,
1093 637 1140 672 qui
1156 640 1198 664 est
1214 644 1265 671 pax
1276 657 1282 668 ‚
1301 644 1350 663 nos
1367 635 1431 661 item
1450 633 1620 660 inimicitiam
1635 631 1708 658 occi-

922 684 1033 715 damus,
1053 686 1100 715 ut,
1117 681 1189 716 quod
1207 682 1235 708 in
1257 682 1316 715 ipso
1338 680 1492 711 credimus,
1519 678 1544 704 id
1567 678 1593 704 in
1614 681 1708 704 nostra

923 731 976 757 vita
993 736 1200 764 prosequamur.
1218 726 1252 754 Ut
1267 727 1312 753 ille
1334 726 1405 753 enim
1436 725 1554 751 medium
1576 723 1708 758 parietem

922 775 1047 802 maceriae
1062 774 1170 801 solvens
1186 773 1255 799 duos
1270 772 1395 798 condidit
1416 771 1442 796 in
1456 770 1602 803 semetipso
1616 769 1642 795 in
1655 775 1709 794 uno

922 820 1032 846 homine
1052 818 1155 845 faciens
1181 824 1275 851 pacem
1292 817 1313 847 ⁹,
1332 816 1371 843 sic
1387 819 1413 843 et
1430 822 1480 842 nos
1498 814 1708 841 reconciliemus

924 875 977 893 non
998 874 1044 893 eos
1065 869 1171 892 tantum
1197 863 1243 898 qui
1266 870 1316 890 nos
1337 862 1511 889 extrinsecus
1534 864 1708 895 oppugnant,

925 912 972 940 sed
992 912 1053 939 illos
1069 912 1150 937 etiam
1169 910 1214 944 qui
1230 910 1256 936 in
1273 910 1352 936 nobis
1379 909 1446 943 ipsis
1467 907 1616 934 seditiones
1633 914 1710 933 com-

925 961 1052 987 movent.
1071 960 1100 983 ut
1123 963 1156 982 ne
1179 955 1357 990 concupiscat
1373 954 1489 988 amplius
1506 954 1636 979 adversus
1653 951 1710 986 spi-

924 1004 1008 1030 ritmn
1023 1010 1097 1032 caro.
1113 1007 1139 1029 et
1155 1002 1269 1036 spiritus
1285 1001 1417 1027 adversus
1430 1006 1540 1026 carnem
1555 1008 1562 1031 3
1580 998 1627 1025 sed
1643 1004 1710 1032 pru—

925 1050 1016 1077 dentia
1029 1049 1121 1076 carnis
1134 1049 1185 1083 legi
1198 1048 1296 1074 divinae
1311 1047 1433 1080 subjecta
1445 1065 1451 1077 ,
1466 1046 1493 1072 in
1510 1052 1594 1071 unum
1610 1050 1710 1070 norum

924 1100 951 1122 et
973 1095 1116 1129 pacificum
1141 1093 1278 1120 hominem
1300 1091 1476 1121 reaedificati,
1500 1095 1526 1116 ct
1547 1098 1579 1115 ex
1603 1088 1710 1115 duobus

925 1148 996 1167 unus
1010 1139 1100 1166 effecti
1118 1139 1144 1164 in
1162 1138 1241 1164 nobis
1258 1137 1324 1171 ipsis
1345 1144 1439 1170 pacem
1462 1136 1623 1161 habeamus.
1649 1133 1712 1159 lixrc

924 1188 997 1213 enim
1011 1191 1052 1212 est
1069 1185 1143 1219 pacis
1157 1183 1296 1214 definitio,
1314 1186 1342 1208 ut
1358 1180 1548 1208 dissidentium
1564 1178 1713 1206 concordia

924 1240 986 1259 esse
1000 1231 1116 1258 dleatur.
1142 1228 1343 1262 Quamobrem,
1359 1225 1470 1261 quando
1494 1230 1598 1251 naturae
1613 1230 1713 1250 nostrat

927 1279 1030 1305 bellum
1048 1277 1209 1303 intestinum
1228 1275 1364 1302 sublatum
1389 1278 1447 1304 cst,
1468 1272 1495 1298 in
1521 1271 1600 1298 nobis
1619 1276 1712 1304 pacem

926 1323 1066 1353 colentes,
1085 1329 1138 1356 pax
1154 1313 1298 1351 ellicimur,
1313 1322 1340 1346 et
1361 1325 1452 1344 veram
1477 1324 1509 1344 ae
1527 1317 1665 1350 propriam
1685 1315 1712 1341 in

926 1369 1007 1395 nobis
1029 1368 1100 1394 hane
1115 1366 1216 1393 Christi
1241 1365 1452 1400 appellationem
1477 1364 1661 1390 declaramus.
1680 1362 1714 1387 At

926 1414 1065 1441 Christum
1082 1419 1142 1439 esse
1158 1411 1246 1438 lucem
1266 1418 1357 1437 veram
1376 1410 1408 1440 ¹⁰,
1423 1413 1448 1436 et
1472 1416 1486 1435 a
1508 1407 1651 1435 mendacio
1671 1413 1715 1433 re·

928 1459 1109 1486 motissimam
1124 1456 1343 1487 considerantes,
1361 1455 1494 1482 discimus
1510 1454 1591 1480 vitam
1607 1459 1715 1486 quoque

928 1509 1050 1532 nostram
1068 1511 1137 1531 verae
1154 1503 1222 1529 lucis
1239 1502 1322 1529 radiis
1339 1500 1469 1527 illustrari
1487 1503 1623 1534 oportere.
1642 1498 1715 1526 Solis

931 1555 1022 1578 autem
1035 1550 1148 1584 justitiae
1162 1547 1232 1575 radIi
1247 1553 1311 1574 sunt
1325 1547 1389 1581 ips-e
1403 1547 1528 1577 virtutes,
1543 1553 1602 1579 (pne
1617 1544 1648 1570 ad
1666 1551 1716 1571 nos

928 1596 1125 1624 illuminandos
1141 1598 1289 1626 emanant,
1309 1598 1338 1620 ut
1359 1592 1521 1627 abjiciamus
1539 1598 1622 1626 opera
1639 1595 1717 1617 tene·

928 1644 1038 1670 brarum
1051 1662 1058 1673 ‚
1074 1646 1100 1669 et
1117 1645 1247 1675 tanquam
1264 1641 1291 1667 in
1308 1640 1351 1667 die
1367 1640 1481 1666 honeste
1496 1637 1668 1664 ambulemus
1683 1635 1729 1668 ¹¹„

928 1693 955 1716 et
973 1688 1149 1723 repudiantes
1164 1686 1328 1714 abscondita
1345 1684 1523 1720 turpitudinis
1535 1703 1541 1714 ,
1557 1686 1640 1717 atque
1658 1689 1718 1708 om-

929 1736 974 1762 nia
992 1736 1019 1761 in
1040 1735 1100 1761 luce
1118 1733 1265 1765 facientes,
1285 1732 1336 1767 ipsi
1359 1738 1469 1766 quoque
1491 1731 1536 1756 lux
1551 1728 1717 1760 evadamus.

928 1786 955 1809 ct
972 1781 1045 1816 quod
1061 1781 1201 1815 proprium
1216 1784 1257 1806 est
1275 1778 1345 1805 lucis
1356 1797 1363 1809 ,
1388 1778 1449 1804 aliis
1465 1784 1512 1811 per
1528 1782 1609 1809 opera
1626 1774 1719 1808 splen-

928 1829 1050 1855 deamus.
1067 1826 1170 1858 Quodsi
1185 1825 1325 1852 Christum
1339 1828 1368 1850 ut
1384 1822 1629 1850 sanctificationem
1652 1827 1715 1846 con-

929 1872 1113 1900 siderabimus
1130 1871 1163 1902 ¹³,
1180 1870 1214 1896 ab
1240 1869 1374 1903 improbis
1399 1872 1425 1894 et
1452 1867 1567 1901 impuris
1592 1864 1719 1892 omnibus

929 1924 986 1946 tun]
1002 1918 1083 1944 sactis
1096 1921 1152 1943 tum
1167 1914 1381 1949 cogitationibus
1397 1913 1579 1943 abstinentes,
1595 1918 1646 1938 nos
1659 1909 1719 1943 ejus

899 1974 952 2003 non
969 1965 1060 1992 verbis
1071 1984 1078 1996 ‚
1097 1963 1144 1989 sed
1159 1962 1221 1988 vitae
1236 1965 1337 1988 nostrae
1372 1959 1529 1986 actionibus
1563 1955 1720 1985 sanetifica-

968 2052 1053 2078 Porro
1068 2059 1129 2077 eun]
1146 2050 1360 2083 redemptionem
1385 2056 1445 2075 csse
1476 2048 1614 2074 Christum
1634 2048 1719 2075 disci-

934 2105 1005 2129 mus,
1022 2097 1070 2131 qui
1085 2097 1203 2130 seipsum
1225 2100 1254 2121 ut
1273 2102 1322 2121 nos
1341 2094 1496 2125 redimeret,
1527 2094 1643 2128 pretium
1672 2094 1720 2121 de-

900 2136 920 2163 D
934 2143 983 2173 dit,
1000 2151 1030 2169 ea
1049 2149 1115 2168 voce
1134 2140 1322 2175 intelligimus,
1338 2147 1398 2166 eum
1416 2142 1545 2173 tanquam
1567 2139 1719 2166 mercedem

933 2189 1066 2222 cujusque
1085 2186 1178 2218 animi,
1208 2185 1352 2220 praebendo
1380 2184 1460 2210 nohis
1475 2184 1720 2216 immortalitatem,

932 2241 983 2260 nos
995 2243 1009 2260 e
1025 2237 1111 2259 morte
1126 2240 1141 2258 a
1155 2239 1183 2258 se
1198 2238 1246 2266 per
1261 2232 1342 2256 vitam
1360 2234 1500 2264 coemptus
1512 2230 1649 2264 propriam
1667 2230 1720 2256 sibi

933 2279 1133 2314 possessionem
1147 2278 1269 2304 effecisse
1280 2277 1310 2302 ¹³.
1324 2276 1425 2308 Quodsi
1439 2277 1498 2310 eius
1515 2276 1560 2310 qui
1577 2284 1626 2302 nos
1644 2276 1723 2302 rede-

932 2327 981 2352 mit
999 2325 1086 2352 effecti
1102 2332 1207 2356 sumus,
1224 2323 1369 2350 Dominum
1384 2323 1420 2349 ita
1433 2330 1591 2357 sequamur,
1609 2314 1722 2348 omnino

934 2376 1027 2398 utnon
1044 2371 1161 2405 amplius
1173 2370 1254 2396 nobis
1266 2370 1400 2399 vivamus,
1414 2368 1459 2394 scd
1474 2368 1522 2398 illi,
1537 2369 1645 2401 quinos
1661 2368 1723 2393 vitae

935 2425 990 2444 suae
1006 2417 1094 2450 pretio
1114 2415 1281 2450 comparauit
1292 2414 1331 2440 ¹²:
1350 2422 1402 2440 non
1417 2414 1487 2440 enim
1506 2413 1622 2447 amplius
1634 2412 1723 2439 nostri

936 2463 1055 2497 ipsormu
1072 2461 1175 2488 domini
1204 2469 1310 2492 sumus,
1333 2461 1380 2487 sed
1403 2460 1450 2486 ille
1474 2459 1519 2492 qui
1544 2467 1594 2486 nos
1624 2459 1724 2485 coemit

935 2508 1066 2535 Dominus
1079 2512 1131 2540 est,
1151 2515 1201 2534 nos
1228 2511 1318 2533 autem
1342 2506 1401 2540 ejus
1419 2505 1540 2531 dominio
1564 2504 1724 2539 mancipati.

937 2552 1013 2580 lllius
1029 2560 1091 2587 ergo
1107 2553 1234 2580 voluntas
1257 2552 1336 2578 nobis
1356 2552 1474 2586 prolege
1487 2551 1594 2577 vivendi
1624 2558 1725 2585 propo-

939 2598 990 2625 sita
1007 2599 1052 2624 sit.
1065 2597 1099 2624 Ut
1114 2599 1185 2625 enim
1199 2606 1260 2624 cum
1277 2606 1348 2623 mors
1362 2597 1503 2631 impotenti
1517 2596 1659 2623 dominatu
1671 2604 1724 2624 nos

939 2649 1085 2678 premeret,
1104 2644 1207 2677 peccati
1225 2643 1266 2670 lex
1282 2643 1308 2669 in
1326 2643 1403 2668 nobis
1431 2643 1521 2668 omnia
1545 2642 1723 2669 administra·

940 2689 996 2722 bat,
1018 2689 1069 2721 sic,
1087 2690 1197 2723 quando
1213 2689 1340 2723 ritzejam
1362 2688 1464 2715 addicti
1483 2696 1589 2720 sumus,
1603 2696 1651 2723 par
1669 2688 1724 2715 uti-

932 2791 1111 2823 x1n,-12,t5.

1158 2792 1178 2806 ¹⁵
1196 2791 1204 2816 1
1223 2792 1285 2819 Cor.
1308 2801 1325 2823 ι,
1343 2793 1387 2821 30.
1443 2794 1464 2810 ¹³
1485 2793 1675 2822 lTimoth.1t,
1694 2790 1720 2818 5.
