1822 2999
34 106 83 133 501

723 102 766 128 bri
789 99 954 127 monitis.

1598 98 1651 124 502

35 165 113 199 κτῆρι
133 164 179 190 205
202 163 282 190 καλοῦ
300 163 470 198 θεωρεῖσθαι,
489 164 542 190 εἴτε
567 164 613 189 καὶ
630 163 729 198 ἑτέρως
745 162 816 196 ἔχει·
833 163 856 190 Α
871 158 989 188 videtur,
1006 164 1040 182 an
1058 163 1175 190 prassens
1190 154 1245 181 lucc
1260 154 1324 183 vita,
1340 161 1420 189 quam
1441 153 1465 179 in
1484 160 1565 180 carne
1578 154 1652 187 degi-

34 212 64 237 τ>ι
85 210 138 245 γὰρ
163 209 353 244 εὑρισκόμενον
381 210 444 244 περὶ
470 210 554 243 αὐτῆς
578 209 629 234 ὑπὸ
651 209 697 234 τοῦ
720 208 813 241 λόγου,

35 256 160 290 ὁδηγήσει
182 255 288 286 πάντως
301 255 348 290 τὴν
372 256 427 281 τῶν
453 255 663 289 ἑπεσκεμμένων
688 254 814 284 διάνοιαν,

35 302 106 332 ὅπως
121 301 172 336 χρὴ
183 301 246 336 περὶ
258 301 304 336 τὴν
317 301 419 327 ἐνθένδε
435 301 630 335 μετανάστασιν
642 300 722 334 ἔχειν.
740 300 816 325 Ἔστι

35 348 121 373 τοίνυν
142 349 157 382 ἡ
174 347 220 373 τοῦ
243 348 366 382 σώματος
385 348 462 382 ἡμῶν
488 347 553 382 ζωὴ,
572 347 711 382 πλήρωαίς
727 356 756 372 τε
772 346 817 372 καὶ

36 393 146 424 κένωσις
158 393 260 428 διχόθεν
277 393 458 428 ἐνεργουμένη
470 402 476 408 ·
492 395 507 427 ἡ
525 393 573 427 μὲν
585 393 628 418 διὰ
643 392 768 427 βρώσεως
788 400 816 417 τε

35 438 82 464 καὶ
104 439 218 470 πόσεως,
234 439 250 473 ὴ
269 438 296 464 δὲ
313 438 356 464 διὰ
379 439 427 473 τῆς
452 438 497 464 τοῦ
522 438 600 473 ἀέρος
618 438 699 472 ὁλκῆς
716 447 744 464 τε
772 438 818 464 καὶ

35 484 233 518 ἀποποιήσεως,
253 481 290 510 ὧν
307 485 369 510 ἄνευ
387 485 402 518 ἠ
420 484 489 510 κατὰ
510 484 597 519 σάρκα
612 484 667 519 ζωὴ
689 484 818 519 συστῆναι

36 530 115 564 φύσιν
128 531 177 556 οὐκ
191 530 254 564 ἔχει.
272 531 337 556 Τότε
352 530 404 565 γὰρ
424 530 469 556 τοῦ
485 530 533 565 ζῇν
547 532 560 556 ὁ
576 531 717 565 ἅνθρωπος
736 531 819 557 παύε-

35 584 89 606 ται,
107 576 169 602 ὅταν
192 575 278 610 ἡτῶν
303 576 431 602 ἐναντίων
457 576 559 602 τούτων
585 575 693 611 διαδοχὴ
722 576 819 610 μηκέτι

35 621 123 655 διοχλῇ
138 621 186 656 τὴν
206 622 295 655 φύσιν.
315 622 435 647 Ἵσταται
452 621 504 655 γὰρ
521 621 588 655 μετὰ
603 621 681 647 τοῦτο
705 622 818 648 καθόλου

35 667 51 701 ἡ
64 667 171 701 τοιαύτη
184 666 313 701 ἐνέργεια,
327 667 430 697 οὐδενὸς
439 667 491 693 τῶν
502 667 600 699 ἔξωθεν
613 668 640 692 ἐν
652 669 706 698 τοῖς
717 676 817 701 νεκρω-

36 712 118 737 θεῖσιν
134 711 193 737 οὔτε
210 713 369 747 εἰσρέοντος,
381 712 442 738 οὔτε
453 713 659 746 ἀπογενομένου,
674 713 739 739 ἀλλὰ
752 713 817 747 πρὸς

35 755 69 782 τὰ
86 757 202 791 συγγενῆ
221 758 337 791 στοιχεῖα
353 757 397 783 τοῦ
409 758 439 783 ἐκ
452 757 552 783 τούτων
568 759 758 793 συνεστηκότος
770 759 820 784 σώ-

37 811 120 837 ματος
140 803 321 838 διακριθέντος
340 803 387 830 καὶ
402 804 593 836 ἀναλύσαντος,
608 806 707 840 ἠρεμεῖ
722 806 749 830 τὸ
767 805 821 831 λοι-

36 849 85 875 πον
102 849 135 875 δι’
151 849 263 883 ἡσυχίας
278 850 293 884 ὴ
312 849 400 883 φύσις,
424 850 462 884 τῷ
479 851 570 884 οἰκείῳ
591 851 714 886 στοιχείῳ
740 859 820 886 προσ-

36 894 213 920 αναπαύσασα
232 894 262 920 τὸ
290 895 418 928 συγγενὲς
440 895 488 921 καὶ
508 895 652 930 ὁμόφυλον,
678 897 710 930 τῇ
735 898 769 931 γῇ
792 896 821 922 τὸ

36 940 144 973 γεῶδες,
158 940 204 966 καὶ
219 940 256 974 τῷ
269 941 330 976 ἀέρ’.
343 941 372 967 τὸ
385 941 457 972 ἴδιον,
471 942 517 968 καὶ
531 941 569 975 τῷ
586 942 659 976 ὑγρῷ
672 942 700 968 τὸ
712 943 819 974 οἰκεῖον,

36 986 82 1011 καὶ
98 985 135 1020 τῷ
151 986 243 1020 θερμῷ
253 987 282 1012 τὸ
297 986 474 1021 κατάλληλον.
492 988 597 1021 Μηκέτι
612 987 665 1022 γὰρ
678 987 724 1013 τοῦ
740 988 821 1021 ὄγκου

36 1030 82 1055 τοῦ
96 1032 127 1055 ἐκ
144 1030 197 1056 τῶν
219 1031 383 1066 ἑτερογενῶν
398 1033 600 1066 συνεστηκότος,
618 1033 712 1066 βιαίως
725 1042 754 1058 τε
776 1033 822 1059 καὶ

37 1077 304 1111 κατηναγκασμένως
321 1077 577 1111 συμπεπλεγμένου,
595 1078 661 1104 ἀλλὰ
675 1079 734 1104 κατ’
751 1079 823 1110 ἐξου-

38 1122 97 1148 σίαν
115 1122 229 1148 ἑκάστου
251 1122 304 1149 τῶν
322 1123 350 1148 ὲν
373 1124 437 1157 ἡμῖν
457 1124 524 1158 πρὸς
540 1124 589 1158 τὴν
613 1124 715 1150 οἰκείαν
731 1125 822 1150 ἑστίαν

37 1168 237 1200 ἐπανελθόντος,
263 1169 377 1195 παύεται
402 1169 454 1195 ἀπὸ
483 1169 578 1195 τούτου
600 1171 615 1204 ἡ
642 1169 731 1203 φύσις,
762 1179 822 1196 συν-

39 1213 99 1247 έχου
106 1222 138 1239 σα
149 1214 243 1248 βιαίως
258 1214 286 1239 ὲν
300 1214 367 1249 αὐτῇ
379 1214 431 1240 τῶν
440 1214 593 1247 ἀλλοφύλων
608 1214 655 1249 τὴν
673 1216 820 1249 συμφυΐαν,

36 1258 67 1283 Εἰ
87 1258 114 1283 δέ
127 1267 167 1288 τις
182 1258 228 1284 καὶ
246 1258 290 1284 τὸν
306 1258 397 1290 ὕπνον,
414 1258 460 1284 καὶ
476 1259 523 1293 τὴν
539 1260 701 1294 ἐγρήγορσιν
717 1260 784 1294 πρὸς
794 1260 824 1286 τὸ

36 1303 85 1337 τῆς
102 1303 173 1337 ζωῆς
191 1303 292 1337 ταύτης
317 1302 386 1334 εἶδος
405 1304 472 1339 μετὰ
487 1303 542 1330 τῶν
562 1304 714 1339 εἰρημένων
735 1314 823 1340 παρα-

36 1348 179 1383 ).αμ6ἁνει,
195 1349 245 1375 οὐκ
270 1348 320 1380 ἔξω
336 1349 386 1383 τῆς
405 1349 533 1384 ἀληθείας
549 1350 594 1376 τὸν
613 1350 690 1383 λόγον
711 1351 824 1386 ποιήσε-

36 1404 90 1422 ται.
108 1395 215 1430 Κάμνει
233 1396 285 1431 γὰρ
308 1397 354 1422 καὶ
368 1396 411 1422 διὰ
433 1397 534 1424 τούτων
549 1398 565 1432 ἡ
586 1397 675 1431 φύσις,
699 1398 743 1424 ἀεὶ
758 1398 826 1433 πρὸς

37 1440 70 1467 τὰ
87 1440 194 1466 ἐναντία
220 1440 413 1476 μεθελκομένη,
439 1442 545 1468 καὶνῦν
573 1442 621 1476 μὲν
645 1442 762 1478 λυομένη
787 1443 826 1478 τῷ

38 1484 123 1520 ὕπνῳ,
141 1486 221 1512 πάλιν
241 1486 268 1512 δὲ
286 1487 432 1521 τονουμένη
452 1487 495 1514 διὰ
512 1488 560 1522 τῆς
576 1488 775 1522 ἐγρηγόρσεως,
792 1489 825 1515 δι’
840 1501 860 1529 C

38 1528 75 1558 ὧν
87 1532 248 1567 ἀμφοτέρων
263 1533 330 1567 πρὸς
341 1533 368 1558 τὲ
383 1532 525 1559 κενοῦσθαι
538 1533 583 1559 καὶ
597 1533 765 1568 πληροῦσθαι
779 1543 827 1560 πα-

40 1578 245 1613 ρασκευάζεται.
262 1579 292 1604 Εἰ
304 1579 392 1604 τοίνυν
405 1578 542 1613 πλήρωσίς
553 1587 582 1604 τε
597 1579 642 1605 καὶ
657 1579 769 1610 κένωσις
779 1581 827 1614 τῆς

38 1623 111 1658 ζωῆς
125 1624 202 1659 ἡμῶν
218 1626 276 1650 ἐστι
292 1625 321 1650 τὸ
336 1625 441 1659 ἰδίωμα,
455 1625 545 1656 καλῶς
563 1625 596 1651 ἂν
612 1625 667 1660 ἔχοι
682 1625 728 1651 τὸν
743 1627 828 1661 προῤ-

40 1668 155 1703 ρηθέντα
173 1669 236 1704 περ).
249 1669 298 1703 τῆς
313 1669 358 1695 τοῦ
375 1669 457 1695 καλοῦ
471 1669 588 1704 κρίσεως
605 1671 765 1705 χαρακτῆρσι
780 1671 827 1696 νῦν

39 1714 212 1747 ἀντεξετάσαι
227 1716 282 1746 τοῖς
295 1716 343 1750 τῆς
363 1715 435 1750 ’ζωῆς
458 1716 607 1751 ἰδιώμασιν,
624 1716 694 1743 ὥστε
709 1717 827 1743 κατιδεῖν

39 1759 93 1785 εἴτε
111 1760 140 1785 τὸ
154 1760 279 1794 ἀληθινόν
295 1761 368 1786 ἑστιν
384 1760 485 1794 ἀγαθὸν
503 1762 519 1795 ἡ
534 1760 589 1795 ζωὴ
613 1761 692 1796 αὕτη,
706 1762 759 1787 εἴτε
781 1761 828 1788 καὶ

39 1804 102 1830 ἄλλο
115 1814 138 1830 τι
154 1806 227 1840 παρὰ
238 1805 324 1831 τοῦτο.
342 1806 402 1832 Ὂτι
418 1807 466 1840 μὲν
478 1804 522 1832 οὖν
541 1807 601 1833 καθ’
616 1807 714 1841 ἑαυτὴν
730 1809 746 1842 ἡ
761 1807 828 1842 πλή«

41 1859 122 1885 ρωσις
133 1851 182 1877 οὐκ
199 1851 230 1877 ἂν
243 1852 354 1883 εἰκότως
365 1854 393 1879 ὲν
405 1854 436 1888 τῇ
455 1853 501 1879 τοῦ
519 1853 602 1880 καλοῦ
615 1854 693 1888 φύσει
709 1854 827 1889 κριθείη,

40 1897 107 1921 πᾶσι
122 1896 199 1930 δῆλον
217 1897 246 1922 τὸ
260 1897 377 1923 τοιοῦτόν
397 1899 482 1929 ἐστιν,
498 1900 529 1925 ἐκ
541 1899 586 1924 τοῦ
601 1899 646 1925 καὶ
662 1899 692 1925 τὸ
709 1890 828 1927 ἐναντίον

40 1941 119 1974 αὐτῇ,
138 1941 208 1974 λέγω
224 1941 251 1967 δὲ
265 1942 295 1967 τὸ
310 1942 461 1973 κενοῦσθαι,
477 1943 558 1969 καλὸν
572 1941 641 1970 εἶναι
659 1945 827 1978 νομίζεσθαι.

47 1987 107 2012 Ἐπὶ
122 1986 174 2022 γὰρ
188 1987 240 2012 τῶν
253 1988 373 2022 ἀλλήλων
389 1989 420 2014 ὲκ
435 1988 481 2014 τοῦ
499 1989 619 2015 ἐναντίου
638 1989 830 2026 ἀντικαθεστη-

42 2033 139 2064 κότων,
158 2034 206 2059 οὐκ
223 2034 280 2059 ἔστι
294 2034 404 2060 δυνατὸν
417 2035 461 2060 τὸν
477 2035 522 2061 τοῦ
540 2035 622 2061 καλοῦ
637 2035 714 2069 λόγον
732 2036 830 2071 ἐπίσης

41 2080 96 2109 τοῖς
112 2079 339 2105 ἀντι-καθεστῶσιν
357 2080 523 2114 ἁρμόζεσθαι
538 2089 544 2095 ·
565 2081 623 2107 ἁλλ’
641 2083 665 2107 εἰ
685 2081 763 2108 τοῦτο
778 2091 829 2108 κα-

41 2123 86 2149 λὸν
101 2124 142 2158 εἴη
156 2124 225 2149 κατὰ
239 2124 287 2159 τὴν
301 2125 395 2151 ἑαυτοῦ
411 2125 501 2158 φύσιν,
514 2127 542 2152 τὸ
560 2127 745 2161 ἀντικείμενον
756 2128 829 2162 αὐτῷ

868 211 938 235 nius,
956 201 1018 228 talis
1035 201 1080 232 sit,
1094 204 1122 226 ut
1136 200 1159 226 ci
1185 204 1247 225 nota
1275 199 1338 225 boni
1362 198 1514 229 conveniat,
1537 206 1570 223 an
1587 206 1654 224 con-

868 254 931 276 tra:
952 248 1023 283 quod
1053 248 1124 274 cnim
1155 246 1188 271 de
1216 247 1273 279 ipsa
1297 244 1459 279 disputando
1491 245 1651 278 rvpvrietur.

867 294 1098 323 considerantium
1126 293 1231 319 animos
1253 292 1360 318 erudiet
1387 291 1526 325 quomodo
1552 291 1578 316 in
1607 298 1654 317 eo-

867 350 927 369 rum
952 341 1073 367 discessu
1090 339 1134 373 qui
1151 346 1183 364 cx
1207 338 1250 363 illa
1270 337 1398 371 migrant,
1422 337 1492 362 aslici
1520 339 1654 370 oporteat.

871 388 919 415 Est
945 387 1026 421 igitur
1038 386 1123 412 nostri
1147 384 1271 419 corporis
1289 384 1354 414 vita,
1375 383 1490 417 repletio
1517 386 1597 416 atque
1613 390 1656 408 cx-

872 433 997 464 inanitio,
1012 440 1071 466 qtnc
1100 431 1209 465 quidem
1243 430 1387 463 dupliciter
1417 430 1494 460 liunt,
1520 433 1576 455 tum
1605 436 1652 462 per

869 479 959 505 cibum
971 481 996 504 ct
1012 481 1115 511 potum,
1130 481 1185 502 tum
1198 483 1245 510 pcr
1259 475 1329 501 acris
1339 475 1526 500 attractionem
1539 478 1564 500 ct
1575 473 1655 500 cmis-

869 525 984 552 sionem.
1003 522 1047 549 sic
1064 522 1136 549 enim
1154 526 1251 548 natura
1268 524 1454 554 comparatum
1473 524 1525 550 cst,
1545 524 1573 545 ut
1597 518 1656 545 sino

869 570 911 597 his
929 570 956 596 in
970 576 1052 595 carne
1067 569 1158 595 vit'erc
1173 565 1426 601 nequeamus.Nam
1440 569 1504 591 tunc
1521 564 1656 590 bominem

869 617 923 642 vita
937 615 1047 647 descrit,
1077 613 1187 649 quando
1212 613 1308 639 horum
1327 611 1528 638 contrariorum
1545 618 1658 637 succus-

870 663 911 688 sio
926 665 1051 687 naturam
1080 668 1133 686 non
1152 662 1252 685 movct.
1281 657 1355 685 Talis
1381 657 1452 684 cnim
1477 656 1548 682 actio
1567 659 1658 681 cessat

871 707 1010 737 univcrsa,
1029 712 1090 731 cum
1104 704 1171 730 nillil
1197 703 1370 730 extrinsecus
1397 702 1424 728 in
1455 701 1592 727 dcl'unctis
1609 707 1659 726 nec

871 752 976 784 influat,
989 759 1039 778 ncc
1052 752 1157 783 ellluat;
1176 757 1294 784 cumque
1307 748 1420 783 singulae
1439 746 1581 774 cadaveris
1597 753 1660 779 par-

871 804 912 827 tcs
928 799 954 825 in
968 802 1082 833 cognatu
1096 797 1147 824 sibi
1163 797 1295 824 elementa
1312 795 1442 822 recedant
1459 801 1489 820 ac
1504 792 1657 820 dissolvan-

872 850 927 876 tur,
945 848 1043 871 natura
1060 844 1190 877 deinceps
1206 841 1386 876 conquiescit,
1403 847 1467 867 suas
1485 840 1583 873 cuique
1608 837 1660 864 elc-

872 894 963 918 mento
974 893 1102 924 cognatas
1120 896 1150 914 ac
1169 888 1272 915 similes
1288 890 1378 921 partes
1391 885 1550 915 restituens,
1569 888 1658 914 tcrrae,

872 936 944 971 quod
972 940 1109 963 terrenum
1130 938 1186 966 est;
1216 933 1287 968 quod
1321 939 1441 963 acreum,
1472 930 1547 962 acri;
1572 937 1658 963 aquae,

872 983 945 1018 quod
958 990 991 1010 ex
1008 989 1078 1016 aqua
1096 983 1220 1012 constat;
1235 983 1262 1006 et
1279 978 1344 1013 igni.
1361 977 1433 1012 quod
1458 976 1529 1002 illius
1545 980 1585 1002 est
1598 982 1660 1009 pro-

873 1029 972 1062 prium.
995 1027 1100 1053 Etenim
1117 1033 1179 1051 cum
1209 1024 1254 1050 illa
1272 1023 1396 1057 corporis
1418 1021 1513 1051 moles,
1533 1028 1591 1054 quae
1614 1027 1660 1054 pcr

873 1074 926 1100 vim
941 1081 972 1099 ex
985 1072 1101 1099 diversis
1121 1069 1267 1104 generibus
1285 1071 1379 1095 coacta
1395 1069 1577 1099 concretaque
1590 1068 1658 1095 erat,

873 1126 928 1145 non
940 1118 1058 1152 amplius
1069 1116 1213 1146 consistat,
1229 1114 1277 1142 sed
1305 1121 1401 1140 omnes
1415 1112 1486 1138 illius
1517 1114 1608 1145 partcs
1627 1109 1660 1135 ad

874 1172 938 1191 suas
950 1170 1064 1197 quaeque
1078 1162 1157 1188 sedes
1174 1167 1290 1187 reversae
1320 1160 1384 1191 sint,
1410 1162 1521 1189 natura,
1544 1164 1604 1190 quae
1628 1163 1660 1182 cx

874 1210 919 1236 illa
938 1208 1098 1239 constabat,
1120 1207 1321 1239 violentamque
1339 1204 1510 1231 diversorum
1532 1209 1661 1236 generum

875 1255 1096 1289 conJ'unctioncm
1106 1252 1273 1283 continebat,
1289 1251 1369 1277 finum
1390 1249 1481 1276 habet.
1494 1248 1522 1274 Si
1537 1247 1598 1281 quis
1615 1253 1662 1272 au-

875 1307 928 1329 tem
947 1306 1008 1335 post
1027 1301 1071 1327 illa
1089 1307 1149 1334 quae
1170 1299 1244 1325 dicta
1255 1301 1330 1328 sunl,
1349 1296 1412 1323 huic
1429 1294 1522 1330 generi
1540 1294 1601 1321 vitae
1620 1300 1663 1319 so-

876 1355 968 1374 mnum
984 1351 1011 1374 et
1023 1346 1143 1381 vigiliam
1156 1344 1324 1379 adjunxerit,
1336 1351 1349 1369 a
1364 1342 1478 1369 veritate
1488 1347 1541 1367 non
1554 1340 1663 1366 aberra-

877 1394 925 1421 bit.
948 1393 1012 1420 Nam
1033 1393 1075 1420 his
1096 1398 1206 1426 quoque
1230 1394 1328 1416 natura
1357 1388 1473 1419 laborat,
1500 1384 1665 1419 assidueque

878 1440 904 1466 in
920 1438 1056 1465 contraria
1071 1437 1243 1467 distrahitur,
1260 1434 1325 1461 (lum
1341 1433 1384 1461 vel
1411 1440 1508 1460 somno
1535 1431 1663 1461 solvitur.

877 1485 918 1512 vel
934 1484 1024 1518 vigilia
1041 1490 1150 1510 rursum
1173 1480 1351 1508 confirmatur
1370 1488 1376 1505 ι
1401 1479 1453 1505 hac
1481 1478 1554 1505 enim
1581 1476 1665 1503 vicis-

877 1529 997 1557 situdine
1033 1528 1067 1554 ad
1099 1526 1326 1558 exinaniendum,
1363 1523 1577 1559 replendumque
1609 1521 1664 1548 dis-

877 1576 998 1610 ponitur.
1035 1573 1219 1606 Quamobrem
1255 1572 1278 1599 si
1304 1571 1367 1599 vitae
1396 1574 1497 1597 nostra:
1524 1568 1665 1603 proprium

878 1621 944 1648 illud
957 1624 1008 1652 est,
1024 1624 1052 1647 ut
1071 1628 1086 1646 a
1102 1619 1261 1654 repletione,
1280 1616 1522 1650 exinanitionequc
1539 1614 1665 1649 pendeat,

878 1675 933 1694 non
956 1667 1073 1693 alienum
1090 1666 1141 1692 erit
1168 1669 1198 1691 ut
1218 1664 1281 1691 boni
1296 1666 1388 1690 notam
1420 1666 1446 1689 ct
1462 1661 1591 1689 indicium
1604 1667 1667 1686 cum

878 1714 920 1740 his
936 1721 996 1748 quse
1013 1713 1092 1740 istius
1109 1712 1171 1738 vitae
1186 1710 1295 1745 propria
1312 1713 1386 1740 sunt,
1413 1708 1596 1737 conseramus,
1613 1706 1668 1732 dis-

877 1759 1066 1794 piciamusque
1098 1762 1191 1785 utrum
1223 1757 1282 1791 ipsa
1309 1756 1364 1782 sint
1386 1762 1480 1781 verum
1506 1754 1618 1783 bonum,
1634 1759 1668 1778 an

879 1805 952 1832 aliud
968 1804 1108 1840 quidpiam
1121 1804 1154 1830 ab
1170 1803 1224 1829 illis
1236 1803 1384 1829 diversum.
1410 1799 1488 1832 Quod
1503 1802 1592 1824 autem
1611 1797 1668 1831 ipsa

879 1859 927 1886 per
944 1859 974 1878 se
996 1850 1109 1884 repletio
1131 1848 1196 1876 boni
1210 1852 1316 1874 naturae
1331 1854 1384 1873 non
1397 1845 1523 1880 quadret,
1542 1843 1669 1870 omnibus

878 1897 920 1924 vel
941 1904 973 1923 ex
990 1896 1097 1922 actione
1119 1895 1158 1921 illi
1174 1893 1313 1921 contraria
1332 1892 1505 1927 perspicuum
1524 1890 1560 1921 Γιι,
1574 1890 1668 1917 exina-

879 1944 1011 1970 nitionem
1042 1942 1113 1972 dico,
1148 1948 1229 1975 quam
1260 1947 1337 1973 aeque
1368 1939 1464 1965 bonam
1490 1936 1669 1963 arbitrantur.

880 1988 946 2014 Nam
963 1988 1025 2014 boni
1046 1987 1116 2013 ratio
1131 1994 1162 2013 ac
1179 1985 1301 2013 definitio
1315 1984 1376 2011 talis
1392 1988 1443 2014 est,
1461 1986 1490 2009 ut
1505 1981 1611 2008 duobus
1629 1980 1669 2006 in-

880 2039 970 2061 terso
1000 2032 1145 2059 contrariis
1173 2035 1290 2065 nequeat
1314 2029 1472 2060 convenire,
1503 2027 1551 2054 scd
1570 2026 1593 2054 si
1624 2025 1670 2052 uni

880 2080 995 2115 quadret
1012 2083 1041 2105 ut
1056 2079 1137 2109 bono.
1151 2077 1185 2104 ab
1201 2078 1285 2104 altero
1312 2080 1440 2109 tanquam
1461 2074 1531 2100 malo
1558 2079 1670 2107 prorsus

881 2127 1035 2154 abhorreat.
1049 2124 1098 2151 llic
1114 2128 1204 2150 autem
1227 2123 1256 2149 in
1272 2126 1387 2156 utroque
1404 2125 1500 2147 natura
1524 2126 1602 2146 suam
1622 2118 1671 2144 uti-

42 2170 151 2200 πάν-,ως
164 2171 238 2196 ἔσται
254 2171 349 2197 κακον.
369 2172 447 2197 Ἀλλὰ
461 2173 512 2206 μὴν
529 2173 643 2198 ἐνταῦθα
655 2174 752 2208 ἐπίσης
764 2175 829 2209 παρ’
847 2169 867 2196 D
883 2173 986 2199 litatem
1005 2171 1096 2197 nabet.
1116 2170 1205 2202 Quare
1232 2168 1296 2195 boni
1315 2167 1499 2194 deffinitionem
1519 2173 1569 2192 nee
1585 2164 1671 2198 reple-

44 2216 173 2250 ἐκατέρου
190 2216 291 2242 τούτων
306 2217 334 2242 τὸ
352 2218 485 2252 χρήσιμον
499 2219 514 2251 ἡ
531 2218 610 2251 φύσις
626 2219 690 2253 ἔχει.
706 2220 762 2245 Οὐκ
777 2221 830 2255 ἄρα

43 2261 88 2286 τὸν
102 2262 147 2287 τοῦ
170 2262 252 2288 καλοῦ
269 2263 381 2297 ὁρισμὸν
398 2263 524 2295 δέξασθαι
542 2265 662 2295 δυνατῶς
684 2265 751 2299 ἔχει,
769 2266 830 2292 οὔτε

43 2307 59 2340 ἡ
79 2307 228 2341 πλήρωσις,
245 2307 336 2343 οὕτεή
356 2309 480 2340 κένωσις.
505 2309 607 2335 Οὐκοῦν
627 2310 690 2336 ἄλλο
713 2319 739 2336 τι
756 2311 831 2345 παρὰ

44 2351 74 2377 τὺ
91 2351 191 2384 ἀγαθὸν
202 2352 387 2378 ἀποδέδεικται
403 2351 470 2379 εἶναι
487 2354 502 2387 ἠ
524 2353 672 2388 πλήρωσις.
689 2353 756 2379 Οὔτε
778 2355 831 2389 γὰρ

47 2398 136 2426 παντὶ,
154 2396 215 2422 οὔτε
240 2398 363 2429 πάντοτε,
380 2398 440 2424 οὔτε
459 2399 529 2424 κατὰ
552 2399 605 2424 πᾶν
631 2397 701 2430 εἶδος
725 2400 832 2434 αἱρετὸν

47 2440 114 2468 εἶναι
127 2442 157 2467 τὸ
170 2442 288 2468 τοιοῦτον
301 2443 375 2477 παρὰ
387 2444 492 2470 πάντων
505 2443 688 2478 ὡμολόγηται.
701 2445 738 2470 Οὐ
754 2445 832 2479 μόνον

46 2486 100 2521 γὰρ
114 2487 142 2513 ὲν
157 2489 211 2518 τοῖς
225 2487 379 2521 βλαπτικοίς
396 2488 521 2522 γενέσθαι
535 2489 580 2515 τὸν
595 2489 675 2525 κόρον
691 2490 763 2516 ἐστὶν
776 2490 833 2516 ὀλέ-

48 2532 131 2567 θριον,
146 2533 213 2559 ἀλλὰ
228 2534 275 2560 καί
287 2534 316 2560 τὸ
333 2534 362 2560 ὲν
375 2535 431 2565 τοῖς
448 2534 624 2569 καταλλήλοις
643 2536 786 2570 παρελθεῖν
800 2538 832 2571 τῇ

49 2577 166 2613 ἀμετρίᾳ
182 2579 212 2604 τὸ
225 2580 370 2614 χρήσιμον,
383 2579 512 2606 κινδύνων
526 2580 654 2612 πολλάκις
668 2582 714 2607 καὶ
729 2581 835 2616 διαφθο-

51 2623 100 2657 ρᾶς
115 2623 200 2650 αἴτιον
220 2625 333 2662 γίνεται.
349 2625 403 2651 Καὶ
426 2625 452 2651 εἴ
468 2634 532 2651 ποτε
558 2625 732 2661 πληθωρικῆς
749 2635 834 2653 κατα-

51 2668 170 2700 στάσεως
183 2670 362 2706 ἐπιζητούσης
373 2671 420 2705 τὴν
434 2671 558 2703 κένωσιν,
571 2671 637 2706 ἄλλη
651 2681 693 2703 τις
704 2672 835 2707 πληθώρα

52 2714 99 2749 τὴν
121 2714 203 2742 οὖσαν
219 2718 428 2752 ὲπιφορτίσειεν,
448 2718 548 2752 σωρεία
574 2718 677 2751 γίνεται
700 2719 792 2745 κακῶν
807 2720 836 2745 τὸ

51 2761 180 2792 τοιοῦτον,
196 2763 235 2794 είς
251 2763 387 2798 ἀνήκεστα
404 2763 534 2798 προϊοῦσα
558 2763 639 2797 πάθη.
659 2764 762 2790 Οὐκοῦν
775 2764 835 2790 οὔτε

53 2809 143 2839 παντὶ,
163 2808 224 2834 οὔτε
246 2809 352 2840 πάντως
377 2809 477 2841 ἀγαθόν
500 2808 526 2834 τί
550 2809 623 2834 ἐστιν
646 2809 661 2842 ἠ
688 2809 835 2844 πλήρωσις,

55 2854 119 2880 ἀλλὰ
135 2855 179 2880 καὶ
194 2854 260 2888 πρὸς
279 2864 315 2887 τι,
332 2855 376 2882 καί
391 2863 465 2886 ποτε,
483 2856 526 2881 καὶ
545 2856 614 2882 κατὰ
630 2856 656 2881 το
676 2856 755 2881 ποτόν
772 2865 799 2881 τε
822 2856 867 2882 καὶ

882 2218 918 2244 tio
935 2216 1059 2250 suscipit,
1071 2223 1121 2242 nec
1134 2213 1293 2241 exinanitio.
1306 2213 1440 2245 Quocirca
1455 2210 1526 2236 aliud
1543 2209 1671 2244 quiddam

881 2268 962 2295 quam
989 2261 1078 2294 ipsum
1105 2260 1218 2289 bonum,
1250 2261 1291 2284 est
1310 2257 1367 2291 ipsa
1391 2255 1522 2289 repicti0;
1549 2260 1672 2280 cumnec

882 2305 993 2340 ubique,
1010 2312 1060 2332 nec
1089 2311 1206 2338 semper,
1230 2311 1280 2329 nec
1305 2302 1332 2329 in
1352 2301 1480 2329 omnibus
1497 2307 1576 2326 omne
1587 2306 1671 2333 genus

883 2353 969 2387 ipsius
985 2359 999 2378 a
1013 2351 1121 2378 cunctis
1144 2348 1324 2384 expetendum
1348 2348 1495 2381 judicetur.
1513 2345 1570 2372 Non
1585 2345 1672 2371 solum

883 2399 954 2425 enim
970 2397 1060 2424 noxiis
1078 2396 1147 2423 cibis
1160 2395 1263 2430 expleri
1274 2394 1457 2429 perniciosum
1469 2397 1520 2422 est,
1534 2391 1581 2417 sed
1591 2390 1672 2416 ctiam

883 2444 911 2470 in
942 2443 1022 2470 bonis
1052 2446 1080 2469 et
1113 2440 1338 2468 convenientibus
1366 2437 1564 2466 mediocritatis
1594 2443 1672 2462 usum

884 2489 1031 2522 transilire,
1043 2488 1201 2523 plerumque
1218 2487 1366 2522 periculum
1388 2489 1414 2511 et
1430 2484 1559 2510 damnum
1586 2481 1672 2507 affert.

884 2535 961 2567 Quod
975 2535 998 2562 si
1016 2542 1078 2561 cum
1093 2541 1192 2567 corpus
1211 2533 1343 2566 repletum
1364 2534 1416 2561 cst,
1434 2528 1573 2561 levarique
1601 2525 1673 2552 desi-

885 2580 972 2612 derat,
989 2580 1042 2606 alio
1060 2579 1148 2606 adhuc
1160 2583 1288 2605 oneretur
1297 2577 1368 2607 cibo.
1384 2579 1441 2601 tum
1455 2581 1518 2600 vero
1533 2575 1673 2599 contracto

885 2627 1018 2652 malorum
1043 2625 1153 2652 cumulo
1173 2624 1199 2650 in
1219 2623 1328 2649 morbos
1349 2620 1444 2647 incidit
1472 2619 1631 2652 desperatos
1648 2620 1673 2642 et

886 2670 1061 2698 insanabiles.
1082 2669 1176 2703 ltaque
1195 2675 1245 2694 nce
1273 2673 1390 2700 semper,
1409 2672 1458 2691 nec
1472 2664 1550 2698 plane
1573 2663 1673 2690 bouum

886 2720 929 2744 est
943 2716 1065 2750 repletio,
1086 2714 1133 2741 sed
1158 2713 1191 2739 ad
1209 2712 1321 2747 aliquid,
1338 2717 1363 2738 et
1383 2709 1529 2745 aliquando
1545 2708 1605 2736 usui
1623 2713 1673 2738 est,

887 2767 911 2790 et
939 2763 965 2788 in
996 2761 1147 2796 quantitate
1178 2759 1362 2794 qualitateque
1389 2756 1514 2783 consistit
1539 2755 1597 2789 ejus
1625 2754 1673 2779 uti·

888 2810 958 2835 litas.

885 2856 912 2882 :b
936 2855 1018 2887 ποιὸν,
1038 2854 1066 2879 ’.ὃ
1086 2854 1114 2885 ἐξ
1133 2852 1212 2878 22:03
1227 2851 1326 2883 γίνεται
1341 2850 1483 2884 χρήσιμον.
