1878 3036
141 137 209 165 1299

765 132 793 159 S.
811 130 975 160 Gnrxconu
995 131 1142 159 NYSSEN!

1699 141 1767 168 ¹100

139 196 219 222 iatine
235 200 308 225 sunt,
328 194 380 220 iltis
396 193 442 227 qui
465 193 508 218 liic
533 192 690 225 hujusmodi
711 195 795 226 agunt
823 198 926 216 merca-
942 194 963 220 Α
978 199 1039 222 τους
1052 189 1185 217 εἶναιτῶν
1198 192 1314 219 ἐνταῦθα
1326 196 1602 230 χατεμπορευομένων
1614 198 1660 232 τῆς
1673 199 1767 233 χρείας

139 247 223 268 teras.
245 240 319 274 Opim
336 247 398 266 vero
417 239 607 273 poliendorum
627 239 747 273 lapidum
769 246 824 264 non
839 238 925 264 solum

138 292 179 313 est
197 288 224 312 in
241 286 376 312 columnis
393 294 452 319 qua:
468 289 530 310 orto
545 289 629 316 sunt;
647 293 715 319 quas
733 289 839 318 oportet
854 284 928 318 ipsos

139 337 253 359 venuste
270 332 295 357 in
308 332 446 358 meliorem
461 331 574 358 reddere
589 331 704 357 sormam
717 340 723 363 ;
739 338 832 357 verum
846 330 926 356 etiam

139 379 230 411 spiras
245 377 365 410 speciem
383 377 479 403 altaris
495 376 643 404 reserentes
662 376 728 403 illud
747 375 877 410 postulat,
902 378 928 400 et

139 424 258 458 capitula
275 423 306 449 ad
327 424 496 449 Corinthiam
515 423 627 457 liguram
650 423 754 449 caelata.
772 422 929 456 ingressus-

139 477 192 502 que
206 476 238 495 ex
261 469 446 495 marmoribus
470 468 521 495 erit
539 468 640 495 decoro
657 473 756 495 ornatu
783 467 927 493 conset-tis.

140 514 282 548 Superque
299 514 356 547 ipsa
371 514 443 540 l'ores
462 514 687 548 snper-jaeebunt,
706 514 774 540 tales
796 512 928 546 quasdam

139 559 258 593 picturas
273 559 387 591 affabre,
402 560 439 586 uti
456 567 514 586 mos
529 565 581 591 est,
606 560 691 586 saetas
707 560 740 585 ad
759 561 928 584 venustatem

139 613 219 632 secus
235 607 394 639 suggrundii
418 606 630 640 prominentiam
648 606 789 631 babentes.
806 604 928 636 Quorum

139 651 249 684 quidem
269 652 391 677 omnium
414 656 542 678 materias
561 650 737 677 manifestum
761 653 802 676 est
818 657 832 674 a
850 649 929 675 nobis

139 701 327 731 comparatum
344 698 387 724 iri.
402 698 454 724 Sed
469 698 590 724 materiai
602 705 647 723 ars
660 696 775 722 sormam
788 695 928 730 praebebit.

138 745 178 771 Ad
198 744 254 770 inec
279 745 305 770 in
328 745 458 779 peristylo
475 744 556 770 etiam
581 744 717 770 columine
740 750 794 769 non
810 743 930 768 minores

139 790 320 823 quadraginta
333 794 415 816 erunt
429 799 435 816 :
450 790 562 824 istaeque
574 797 683 823 quoquc
696 789 775 823 plane
795 788 931 822 pertinent

139 835 172 862 ad
197 844 266 869 opus
288 835 411 869 lapidum
438 834 641 869 poliendorum.
661 834 730 869 Ergo
747 834 769 860 si
786 833 930 868 diligenter

139 882 269 916 patefecit
296 889 364 915 opus
395 881 495 910 oratii).
527 879 657 914 possibile
683 880 729 905 [iat
753 878 848 913 pietati
868 882 930 909 tuae‚

139 927 212 962 quod
230 935 300 961 opus
315 930 368 957 est,
381 925 574 960 conspicienti,
590 929 721 959 praestare
736 924 815 950 nobis
829 923 854 949 in
872 930 930 949 om-

139 974 221 1000 nibus
240 973 316 999 eirea
333 973 456 999 artifices
475 973 662 999 securitatem.
683 971 711 998 Si
731 978 796 998 vero
817 978 831 996 a
851 969 930 997 nobis

140 1028 202 1048 cum
219 1019 324 1046 artitice
340 1023 418 1053 pacta
441 1018 634 1045 constituenda
659 1018 725 1048 sint,
749 1020 930 1051 proponatur,

140 1066 162 1093 si
178 1066 287 1100 quidem
308 1069 350 1092 est
365 1064 506 1099 possibile,
525 1063 672 1090 manifesta
695 1070 825 1090 mensura
840 1062 931 1098 operis

144 1112 247 1143 diurni,
265 1118 298 1138 ne
321 1118 382 1137 cum
395 1111 417 1137 is
430 1110 467 1136 nil
482 1109 622 1136 efficiendo
635 1109 797 1144 praeterierit
811 1112 929 1142 tempus,

141 1162 245 1192 postea,
262 1165 331 1191 opus
349 1156 421 1191 quod
438 1156 565 1183 ostendat
583 1163 638 1182 non
664 1155 779 1186 habeus,
801 1159 931 1189 tanquam

141 1208 180 1231 tot
201 1203 298 1230 diebus
312 1203 392 1230 nobis
409 1206 553 1237 operatus,
570 1210 653 1236 super
666 1209 698 1228 ea
714 1205 819 1236 repetat
833 1208 933 1228 merce-

141 1250 212 1277 dem.
227 1249 294 1276 Novi
314 1249 441 1283 equidem
459 1249 553 1275 nndtis
573 1256 624 1275 nos
641 1248 775 1282 quosdam
795 1247 882 1274 visum
900 1246 933 1273 iri

142 1295 273 1321 minutam
290 1295 424 1320 rationem
448 1293 558 1320 sordide
576 1297 602 1320 et
628 1300 767 1327 praeparce
794 1293 931 1324 ineuntes,

142 1340 188 1374 qui
199 1344 252 1365 tam
266 1339 403 1373 exquisita
415 1339 557 1373 diligentia
570 1339 711 1373 pactiones
725 1339 931 1373 persequimur:

143 1390 262 1412 attamen
285 1386 458 1412 exhortatum
477 1390 502 1412 te
517 1393 577 1412 esse
593 1385 655 1411 volo
681 1385 715 1412 ad
731 1385 839 1412 veniam
864 1385 933 1412 dan-

142 1433 215 1460 dam.
233 1432 357 1458 Mamona
375 1432 447 1459 enim
471 1432 527 1465 ille,
556 1425 651 1460 multis
666 1432 808 1460 multoties
823 1439 837 1458 a
853 1433 934 1460 nobis

144 1480 214 1506 male
240 1479 273 1505 de
299 1486 327 1505 se
353 1479 474 1509 auditis.
501 1478 610 1505 demum
636 1486 650 1505 a
667 1479 747 1506 nobis
771 1479 839 1513 ipsis
853 1486 934 1513 quam

144 1526 302 1561 longissime
316 1525 470 1559 emigravit,
493 1525 555 1552 odio
574 1524 688 1554 habens,
705 1532 777 1556 reor,
795 1532 854 1559 qum
866 1532 935 1552 sem-

144 1580 192 1607 per
205 1572 338 1598 adversus
352 1571 440 1605 ipsum
457 1575 521 1597 sunt
535 1570 668 1597 blaterata
682 1579 690 1603 ;
706 1578 737 1597 ae
753 1570 872 1605 quodam
888 1570 936 1596 im-
951 1557 974 1588 C

144 1618 302 1653 permeabili
319 1618 391 1644 biatu
409 1616 591 1651 (paupertate
611 1616 689 1651 dieo)
706 1616 777 1643 inter
793 1624 822 1643 se
844 1616 936 1650 ipsum

144 1667 171 1690 et
187 1671 236 1690 nos
252 1671 360 1689 murum
379 1663 515 1689 obstruxit
529 1682 536 1694 ,
560 1665 590 1688 ut
606 1670 692 1696 neque
709 1662 753 1688 ille
768 1662 800 1688 ad
821 1669 871 1689 nos
886 1669 934 1689 ve-

144 1709 204 1736 nire
221 1709 318 1743 possit,
339 1716 426 1743 neque
441 1716 492 1735 nos
515 1708 548 1735 ad
572 1709 648 1735 illum
663 1709 845 1743 pertransire.
862 1709 937 1741 Quo-

145 1755 218 1781 circa
232 1755 342 1789 plurimi
360 1754 429 1781 racio
443 1754 571 1788 opiticum
585 1754 779 1789 benignitatem
791 1775 798 1787 ‚
816 1758 844 1780 nt
856 1754 936 1782 nobis

145 1801 177 1827 ad
197 1801 366 1835 propositum
386 1800 542 1826 institutum
566 1800 656 1827 facere
674 1800 741 1827 satis
762 1800 781 1826 ii
805 1800 933 1835 possint,

145 1847 182 1873 nil
206 1854 318 1881 prorsus
334 1847 368 1873 ab
391 1847 482 1881 inopia
500 1846 659 1879 (laudabili,
678 1846 861 1881 precibusque
887 1855 935 1873 ex-

146 1892 263 1927 petendo
279 1892 369 1927 mato)
388 1893 526 1927 prohibiti.
546 1892 600 1919 Sed
625 1893 651 1919 in
671 1892 713 1919 his
728 1892 838 1927 quidem
857 1892 937 1927 quid-

147 1945 226 1972 quam
241 1938 296 1972 joci
314 1938 489 1965 commistum
505 1942 557 1964 est.
577 1937 615 1963 Tu
634 1942 732 1970 autem,
751 1938 828 1964 Ιιοηιο
842 1937 890 1964 Dei
902 1939 935 1970 ⁵²,

147 1984 186 2010 uti
204 1984 335 2018 possibile
357 1989 384 2011 et
403 1984 555 2019 legitimum
578 1984 623 2016 sit,
646 1984 682 2011 ita
698 1992 760 2011 cum
781 1985 938 2012 hominibus

147 2031 300 2064 paciscens,
326 2031 421 2057 nuntia
438 2030 608 2058 confidenter
622 2031 750 2058 omnibus
774 2031 840 2065 ipsis
855 2032 937 2058 bene-

147 2077 303 2107 volentiam,
320 2085 380 2110 quae
398 2084 412 2102 a
426 2077 504 2103 nobis
517 2077 701 2112 praestabitur,
715 2078 938 2112 mercediumque

981 236 1066 270 ἡμῶν.
1093 237 1129 262 Τὸ
1151 237 1178 262 δὲ
1199 236 1251 262 τῶν
1267 237 1382 270 λαοξὸων
1403 239 1480 274 ἐ’ργον
1504 241 1533 266 οὐ
1557 242 1635 276 μόνον
1659 245 1687 269 ὲν
1711 246 1767 274 τοῖς

980 282 1064 308 κὶοσίν
1077 284 1133 308 ἐστι
1147 284 1202 314 τοῖς
1215 283 1286 309 ὀκτὼ
1300 284 1346 315 οὓς
1356 285 1409 320 χρὴ
1424 286 1521 318 αὐτοὺς
1533 288 1571 322 τῷ
1583 288 1767 324 καλλωπισμῷ
1783 317 1784 320 ,

981 327 1123 361 {zzz-„uasat
1134 348 1140 360 ‚
1160 329 1227 355 ἀλλὰ
1248 329 1403 364 βωμοειδεῖς
1427 332 1541 367 σπείρας
1557 334 1666 360 ἀπαιτεῖ
1681 335 1710 360 τὸ
1724 335 1768 370 ἔρ-

980 383 1038 407 γον,
1067 375 1114 400 καὶ
1133 375 1279 408 κεφαλίδας
1303 376 1466 411 ὃιαγλύφους
1490 379 1560 405 κατὰ
1574 379 1604 405 τὸ
1627 381 1768 415 Κορίνθιον

980 418 1059 451 εἶδος.
1069 421 1124 446 Καὶ
1135 421 1236 452 εἴσοδος
1248 422 1280 448 ἐκ
1292 423 1442 458 μαρμάρων
1453 424 1506 450 τῶν
1517 425 1662 460 καθήκοντι
1673 426 1768 461 κόσμῳ

981 467 1229 501 κατειργασμένων.
1246 468 1491 504 Καθυπερκείμενα
1503 470 1603 497 τούτων
1620 471 1770 506 θυρώματα

980 512 1116 543 τοιαύταις
1132 515 1250 547 γραφαῖς
1265 523 1334 546 τισι,
1347 515 1436 546 καθὼς
1450 516 1508 547 ἐὈος
1520 517 1604 549 ἐστὶν,
1618 518 1657 548 εἰς
1673 517 1769 549 κάλλος

981 558 1051 584 κατὰ
1064 559 1114 593 τὴν
1134 559 1181 585 τοῦ
1199 560 1301 593 γεισίου
1325 561 1458 595 προῆολὴν
1481 562 1691 597 ἐξησκημέναις.
1719 560 1769 589 ’Ὧν

982 604 1089 630 »πάντων
1103 605 1131 630 αἱ
1149 605 1197 640 μὲν
1209 605 1270 631 ὗλαι
1282 605 1358 640 δῆλον
1371 607 1410 632 ὅτι
1426 607 1489 642 παρ’
1502 608 1579 642 ἡμῶν
1592 609 1770 644 πορισθήσον-

981 659 1035 683 ται,
1050 651 1080 677 τὸ
1095 651 1122 677 δὲ
1140 651 1185 677 ἐπὶ
1197 653 1229 686 τῇ
1246 651 1294 686 ὕλῃ
1312 650 1379 684 εἶδος
1394 654 1410 687 ἡ
1428 652 1507 688 τέχνη
1523 653 1612 680 δώσει.
1625 655 1695 690 Πρὸς
1707 656 1769 681 τού-

981 706 1037 728 τοις
1049 697 1076 723 δὲ
1091 698 1138 723 καὶ
1151 698 1220 724 κατὰ
1233 697 1262 723 τὸ
1274 697 1423 732 περίστωον
1433 698 1520 730 κίονες
1530 699 1577 734 οὺχ
1589 700 1686 735 ἥττους
1695 700 1770 731 ὅντες

981 744 1035 770 τῶν
1049 743 1261 778 τεσσαράκοντα.
1277 744 1408 776 Λαοξικὸν
1424 744 1502 779 ἐ’ργον
1517 746 1563 772 καὶ
1579 743 1650 772 οὗτοι
1664 747 1771 778 πάντως

983 791 1059 818 εἰσίν.
1083 792 1114 818 Εἰ
1135 791 1223 817 τοίνυν
1239 791 1366 826 ἐνέφηνεν
1388 792 1401 817 ὀ
1420 791 1497 824 λόγος
1521 792 1553 818 δι’
1579 793 1720 828 ἁκριὸείας
1742 794 1772 819 τὸ

984 837 1073 872 ἔργον,
1090 836 1199 863 δυνατὸν
1216 836 1248 862 ἂν
1259 836 1363 870 γένοιτό
1380 845 1426 863 σου
1441 838 1473 872 τῇ
1488 837 1604 872 ὁσιότητι
1620 838 1767 873 κατιδούσῃ

948 877 969 905 Β
984 881 1031 916 τὴν
1049 882 1151 916 χρείαν,
1168 881 1212 908 διὰ
1231 882 1337 908 πάντων
1355 883 1420 916 ἡμῖν
1437 884 1587 917 παρασχεῖν
1602 883 1632 909 τὸ
1651 884 1697 909 ἐπὶ
1716 887 1772 915 τοῖς

984 929 1117 962 τεχνίταις
1143 928 1304 963 ἀμέριμνον.
1327 929 1358 954 Εἰ
1375 928 1403 954 δὲ
1427 927 1548 963 μέλλοιτο
1572 928 1640 963 πρὸς
1661 928 1739 963 ἡμῶν
1759 929 1773 954 ὁ

984 975 1107 1009 τεχνίτης
1118 973 1303 1005 συντίθεσθαι,
1320 974 1474 1008 προκείσθω
1488 974 1567 1009 εἴπερ
1582 972 1636 1001 οἷόν
1646 983 1675 1000 τε
1691 983 1773 1009 φανε-

986 1020 1032 1055 ρὺν
1048 1019 1146 1054 μέτρον
1168 1018 1213 1045 τοῦ
1237 1019 1318 1054 ἐ’ργου
1336 1020 1368 1054 τῇ
1387 1019 1489 1054 ἡμέρα,
1513 1019 1555 1044 ἵνα
1576 1019 1612 1054 μὴ
1635 1019 1774 1054 ἄπρακτος

986 1065 1128 1100 παρελθὼν
1141 1065 1186 1091 τὸν
1205 1065 1310 1100 χρόνον,
1331 1065 1399 1100 μετὰ
1412 1065 1497 1091 ταῦτα
1510 1064 1546 1099 μὴ
1562 1064 1630 1099 ἔχων
1644 1064 1774 1096 ἐπιδεῖξαι

986 1111 1015 1136 τὸ
1040 1111 1129 1146 ἔργον,
1151 1110 1188 1142 ὡς
1200 1110 1344 1142 τοσαύταις
1365 1110 1482 1145 ἡμέραις
1499 1111 1565 1145 ἡμῖν
1586 1110 1773 1146 ἐργασάμενος

986 1157 1030 1182 τὸν
1045 1157 1116 1192 ὑπὲρ
1131 1156 1219 1183 αὐτῶν
1233 1157 1327 1192 μισθὸν
1338 1157 1451 1192 ἀπαιτῇ.
1469 1154 1533 1182 Οἶδα
1549 1156 1576 1182 δὲ
1592 1157 1632 1182 ὅτι
1649 1157 1775 1192 μικρολό-

986 1211 1028 1236 γοι
1040 1202 1095 1236 (25)
1115 1202 1186 1233 τινὲς
1206 1203 1261 1233 τοῖς
1283 1201 1390 1232 πολλοῖς
1408 1201 1531 1236 δόξομεν,
1550 1200 1621 1226 οὕτω
1643 1200 1707 1235 περὶ
1726 1200 1774 1231 τὰς

988 1249 1121 1283 συνθήκας
1143 1247 1373 1283 διακριὸούμενοι.
1403 1247 1483 1273 Ἀλλὰ
1501 1246 1690 1282 παρακλήθητι
1712 1255 1776 1280 συγ-

987 1295 1098 1330 γνώμην
1112 1294 1191 1329 ἕχειν.
1212 1294 1240 1320 ‘0
1255 1294 1309 1328 γὰρ
1322 1294 1453 1328 μαμωνᾶς
1468 1294 1569 1324 ἐκεῖνος
1583 1292 1668 1318 πολλὰ
1680 1293 1776 1319 πολλά-

988 1350 1029 1372 κις
1044 1341 1108 1375 παρ’
1123 1340 1201 1375 ἡμῶν
1213 1340 1332 1370 ἀκούσας
1346 1339 1448 1372 κακῶς,
1469 1339 1544 1370 τέλος
1559 1339 1705 1373 ἀπῴκησεν
1718 1339 1777 1365 ἑαυ-

987 1387 1031 1413 τὸν
1046 1387 1123 1421 ἡμῶν
1147 1386 1184 1417 ὡς
1206 1385 1374 1420 πορρωτάτω
1384 1393 1390 1399 ·
1415 1387 1531 1419 μισήσας
1544 1403 1551 1415 ,
1566 1383 1656 1419 οἶμαι,
1672 1384 1721 1418 τὴν
1734 1384 1777 1410 ἀεὶ

988 1433 1133 1468 γινομένην
1156 1432 1215 1458 κατ’
1230 1431 1312 1457 αὐτοῦ
1336 1430 1482 1465 φλυαρίαν.
1505 1430 1558 1456 Καί
1581 1439 1634 1456 τινι
1656 1429 1776 1464 χάσματι

989 1479 1140 1513 ἀδιαῧάτῳ,
1154 1479 1186 1512 τῇ
1203 1477 1284 1512 πενίᾳ.
1297 1477 1384 1511 λέγω,
1401 1476 1495 1502 ἑαυτὸν
1512 1475 1588 1510 ἡμῶν
1607 1475 1777 1509 διετείχισεν,

989 1526 1026 1557 ὡς
1042 1526 1110 1561 μήτε
1127 1525 1230 1551 ἐκεῖνον
1246 1524 1314 1559 πρὸς
1330 1523 1402 1558 ἡμᾶς
1419 1522 1514 1553 ἐλθεῖν,
1534 1523 1601 1557 μήτε
1622 1522 1694 1556 ἡμᾶς
1711 1521 1779 1556 πρὸς

990 1574 1091 1599 ἐκεῖνον
1103 1571 1276 1606 διαπερᾶσαι.
1295 1569 1395 1596 Τούτου
1407 1569 1486 1604 χάριν
1499 1569 1563 1604 περὶ
1575 1565 1673 1594 πολλοῦ
1690 1567 1780 1594 ποιοῦ-

992 1627 1041 1654 μαι
1055 1618 1104 1653 τὴν
1119 1616 1328 1652 εὐγνωμοσύνην
1348 1616 1401 1642 τῶν
1419 1614 1556 1650 τεχνιτῶν,
1578 1615 1648 1641 ὥστε
1665 1613 1780 1648 δυνηθῆ-

990 1673 1034 1692 ναι
1050 1664 1118 1699 πρὸς
1139 1664 1188 1698 τὴν
1205 1662 1389 1698 προκειμένην
1405 1662 1476 1696 ἡμᾶς
1491 1661 1634 1696 ἐξαρκέσαι
1650 1660 1781 1695 σπουδήν’

992 1711 1029 1746 μὴ
1046 1709 1216 1740 κωλυθέντας
1235 1710 1268 1744 τῇ
1284 1708 1375 1743 πενίᾳ,
1391 1707 1428 1742 τῷ
1445 1706 1579 1742 ὲπαινετῷ
1600 1707 1646 1733 καλ
1662 1706 1778 1740 εὐκταίῳ

990 1756 1078 1792 κακῷ.
1102 1756 1182 1782 Ἀλλὰ
1196 1755 1301 1786 τούτοις
1324 1754 1372 1789 μέν
1387 1763 1413 1780 τι
1435 1754 1482 1780 καὶ
1497 1753 1605 1784 παιδιᾶς
1627 1753 1779 1787 καταμεμι-

989 1811 1061 1829 κται.
1079 1802 1120 1828 Σὺ
1141 1801 1174 1828 δέ
1190 1810 1252 1835 μοι,
1271 1800 1293 1826 ὦ
1308 1801 1444 1834 ἄνθρωπε
1466 1800 1518 1826 τοῦ
1544 1799 1627 1830 Θεοῦ,
1651 1800 1724 1830 ὅπως
1747 1798 1780 1825 ἂν

991 1848 1102 1875 δυνατὸν
1118 1848 1165 1874 καὶ
1187 1847 1379 1882 νενομισμένον
1395 1845 1427 1883 ᾖ,
1451 1845 1522 1872 οὕτω
1542 1847 1598 1876 τοῖς
1626 1844 1779 1880 ἀνθρώποις

991 1893 1151 1928 συνθέμενος
1165 1891 1274 1926 θαρρῶν
1288 1891 1437 1925 ἑπάγγειλε
1453 1891 1535 1917 πᾶσιν
1549 1891 1640 1921 αὐτοῖς
1651 1889 1699 1924 τὴν
1715 1890 1779 1923 παρ’

990 1937 1068 1973 ἡμῶν
1091 1935 1310 1970 εὐγνωμοσύνην,
1331 1936 1376 1961 καὶ
1393 1935 1442 1969 τὴν
1459 1934 1512 1960 τῶν
1538 1933 1640 1968 μισθῶν
1658 1931 1780 1966 ἀποπλή-

992 1991 1085 2019 ρωσιν.
1109 1982 1235 2016 Δώσομεν
1250 1981 1303 2015 γὰρ
1316 1979 1465 2011 ἁνελλιπῶς
1482 1979 1515 2005 τὰ
1530 1979 1628 2009 πάντα,
1643 1977 1689 2003 τοῦ
1714 1976 1779 2002 Θεοῦ

991 2030 1033 2056 διὰ
1048 2029 1101 2056 τῶν
1117 2028 1171 2054 σῶν
1184 2026 1271 2062 εὐχῶν
1290 2027 1336 2053 καὶ
1357 2027 1422 2061 ἡμῖν
1434 2025 1483 2060 τὴν
1502 2026 1580 2060 χεῖρα
1592 2024 1641 2059 τῆς
1656 2023 1780 2057 εὐλογίας

992 2076 1154 2109 ἀνοίγοντος.

148 2122 254 2155 plenam
280 2122 397 2156 copiam.
435 2122 586 2151 Trademus
611 2124 685 2150 enim
719 2123 811 2150 omnia
839 2124 913 2150 nulla
934 2133 963 2152 re
983 2125 1160 2154 ‹leticientes;
1191 2120 1256 2152 Deo,
1283 2126 1332 2154 per
1354 2122 1415 2145 tuas
1442 2124 1549 2153 preces,
1578 2114 1781 2144 benedictionis

148 2176 258 2195 manum
276 2170 355 2197 nobis
369 2170 451 2196 etiam
468 2175 619 2198 reserante.

183 2230 205 2245 ²¹
222 2229 231 2255 l
246 2229 315 2256 Tim.
329 2238 364 2262 iv,
379 2230 403 2257 1.

196 2308 240 2342 25)
256 2309 443 2343 Μικρολόγοι.
460 2308 516 2335 lloe
532 2309 558 2335 in
575 2310 626 2336 hoe
645 2309 704 2336 loco
719 2309 790 2335 valet
808 2308 936 2343 μικρολό-

150 2352 206 2377 γος.
221 2343 253 2369 Et
267 2344 390 2378 quamvis
405 2344 467 2370 nuic
483 2344 677 2378 significationi
705 2343 823 2370 addatur
839 2344 936 2375 etiam,

151 2383 180 2405 ut
200 2379 269 2405 ratio
286 2380 394 2406 ineatur
407 2379 440 2406 de
455 2386 484 2406 re
499 2383 664 2413 contempta,
680 2379 798 2413 pusilla;
815 2382 937 2405 attamen

150 2422 226 2448 eave,
243 2418 271 2441 ut
289 2415 333 2442 bic
350 2415 387 2442 ita
409 2414 530 2449 explices
547 2418 573 2441 ct
588 2414 725 2449 intelligas
740 2420 846 2443 vocem.
862 2413 937 2440 Con-

991 2312 1045 2335 stat
1057 2307 1129 2335 enim
1145 2315 1192 2342 per
1204 2310 1288 2334 totam
1301 2305 1445 2341 epistolam
1466 2301 1611 2331 :edificium
1626 2310 1680 2329 non
1692 2302 1781 2329 solnm

991 2343 1072 2370 vilem
1097 2347 1143 2369 aut
1167 2342 1292 2376 exiguam
1315 2349 1372 2368 rem
1402 2346 1457 2367 non
1479 2337 1556 2373 sore,
1582 2345 1676 2366 verum
1703 2338 1782 2373 longe

992 2377 1273 2413 sumptuosissimum.

1775 2430 1781 2439 ι

1768 2444 1780 2455 r
